<?xml version="1.0" encoding="UTF-8"?>
<!DOCTYPE html PUBLIC "-//W3C//DTD XHTML 1.0 Transitional//EN"
    "http://www.w3.org/TR/xhtml1/DTD/xhtml1-transitional.dtd">
<html xmlns="http://www.w3.org/1999/xhtml" xml:lang="en" lang="en">
 <head>
  <title>
</title>
<meta http-equiv="Content-Type" content="text/html;charset=utf-8" />
  <meta name='ocr-system' content='tesseract 3.04.00' />
  <meta name='ocr-capabilities' content='ocr_page ocr_carea ocr_par ocr_line ocrx_word'/>
</head>
<body>
  <div class='ocr_page' id='page_1' title='image "./desophoedipcolo00sommgoog_0023.png"; bbox 0 0 3169 5038; ppageno 0'>
   <div class='ocr_carea' id='block_1_1' title="bbox 1361 440 1444 504">
    <p class='ocr_par' dir='ltr' id='par_1_1' title="bbox 1361 440 1444 504">
     <span class='ocr_line' id='line_1_1' title="bbox 1361 440 1444 504; baseline 0.012 -1"><span class='ocrx_word' id='word_1_1' title='bbox 1361 440 1444 504; x_wconf 76' lang='lat'>17</span> 
     </span>
    </p>
   </div>
   <div class='ocr_carea' id='block_1_2' title="bbox 1201 530 1623 544">
    <p class='ocr_par' dir='ltr' id='par_1_2' title="bbox 1201 530 1623 544">
     <span class='ocr_line' id='line_1_2' title="bbox 1201 530 1623 544; baseline 0 0"><span class='ocrx_word' id='word_1_2' title='bbox 1201 530 1623 544; x_wconf 95' lang='lat' dir='ltr'> </span> 
     </span>
    </p>
   </div>
   <div class='ocr_carea' id='block_1_3' title="bbox 344 645 2497 4395">
    <p class='ocr_par' dir='ltr' id='par_1_3' title="bbox 344 645 2482 2160">
     <span class='ocr_line' id='line_1_3' title="bbox 348 645 2462 738; baseline 0.002 -24"><span class='ocrx_word' id='word_1_3' title='bbox 348 647 388 734; x_wconf 73' lang='grc' dir='ltr'><em>ἢ</em></span> <span class='ocrx_word' id='word_1_4' title='bbox 434 647 612 737; x_wconf 75' lang='grc' dir='ltr'><em>πρός</em></span> <span class='ocrx_word' id='word_1_5' title='bbox 672 653 870 719; x_wconf 75' lang='grc' dir='ltr'><em>ΙΙυθ.</em></span> <span class='ocrx_word' id='word_1_6' title='bbox 936 656 1073 719; x_wconf 80' lang='grc' dir='ltr'><strong><em>κτλ.</em></strong></span> <span class='ocrx_word' id='word_1_7' title='bbox 1185 656 1365 736; x_wconf 82' lang='lat' dir='ltr'>Quae</span> <span class='ocrx_word' id='word_1_8' title='bbox 1425 653 1786 738; x_wconf 81' lang='lat' dir='ltr'>explicandi</span> <span class='ocrx_word' id='word_1_9' title='bbox 1844 651 2012 719; x_wconf 87' lang='lat' dir='ltr'>ratio</span> <span class='ocrx_word' id='word_1_10' title='bbox 2073 650 2269 718; x_wconf 86' lang='lat' dir='ltr'>etiam</span> <span class='ocrx_word' id='word_1_11' title='bbox 2331 645 2462 718; x_wconf 76' lang='grc' dir='ltr'><em>οἷυοὲ</em></span> 
     </span>
     <span class='ocr_line' id='line_1_4' title="bbox 344 739 2464 847; baseline 0 -40"><span class='ocrx_word' id='word_1_12' title='bbox 344 740 833 824; x_wconf 75' lang='lat' dir='ltr'><strong>praepositione,</strong></span> <span class='ocrx_word' id='word_1_13' title='bbox 893 760 1056 847; x_wconf 78' lang='lat' dir='ltr'>quae</span> <span class='ocrx_word' id='word_1_14' title='bbox 1119 762 1245 812; x_wconf 90' lang='lat' dir='ltr'>non</span> <span class='ocrx_word' id='word_1_15' title='bbox 1291 745 1440 825; x_wconf 83' lang='lat' dir='ltr'>‚‚in“</span> <span class='ocrx_word' id='word_1_16' title='bbox 1502 744 1617 810; x_wconf 91' lang='lat' dir='ltr'>sed</span> <span class='ocrx_word' id='word_1_17' title='bbox 1665 748 1863 826; x_wconf 87' lang='lat' dir='ltr'>„per“</span> <span class='ocrx_word' id='word_1_18' title='bbox 1910 739 2232 822; x_wconf 79' lang='lat' dir='ltr'>significat</span> <span class='ocrx_word' id='word_1_19' title='bbox 2274 758 2464 824; x_wconf 88' lang='lat' dir='ltr'>prop-</span> 
     </span>
     <span class='ocr_line' id='line_1_5' title="bbox 345 829 2467 912; baseline 0 -16"><span class='ocrx_word' id='word_1_20' title='bbox 345 838 649 912; x_wconf 87' lang='lat' dir='ltr'>tereaque</span> <span class='ocrx_word' id='word_1_21' title='bbox 717 833 967 898; x_wconf 87' lang='lat' dir='ltr'>nonnisi</span> <span class='ocrx_word' id='word_1_22' title='bbox 1035 835 1101 898; x_wconf 84' lang='lat' dir='ltr'>in</span> <span class='ocrx_word' id='word_1_23' title='bbox 1171 833 1533 902; x_wconf 78' lang='lat' dir='ltr'>notIonibus</span> <span class='ocrx_word' id='word_1_24' title='bbox 1600 833 1903 900; x_wconf 86' lang='lat' dir='ltr'>latiorum</span> <span class='ocrx_word' id='word_1_25' title='bbox 1964 829 2310 897; x_wconf 83' lang='lat' dir='ltr'>adhibetur</span> <span class='ocrx_word' id='word_1_26' title='bbox 2364 848 2467 896; x_wconf 85' lang='lat' dir='ltr'>re·</span> 
     </span>
     <span class='ocr_line' id='line_1_6' title="bbox 345 913 2469 1023; baseline 0.001 -41"><span class='ocrx_word' id='word_1_27' title='bbox 345 919 631 1002; x_wconf 83' lang='lat' dir='ltr'>gionum‚</span> <span class='ocrx_word' id='word_1_28' title='bbox 675 920 1004 987; x_wconf 74' lang='lat' dir='ltr'><strong>suadetur.</strong></span> <span class='ocrx_word' id='word_1_29' title='bbox 1099 923 1285 1002; x_wconf 80' lang='lat' dir='ltr'>Quod</span> <span class='ocrx_word' id='word_1_30' title='bbox 1329 928 1541 989; x_wconf 78' lang='lat' dir='ltr'>autem</span> <span class='ocrx_word' id='word_1_31' title='bbox 1590 926 1735 1006; x_wconf 90' lang='lat' dir='ltr'>post</span> <span class='ocrx_word' id='word_1_32' title='bbox 1771 913 2002 987; x_wconf 69' lang='grc' dir='ltr'><em>τούσδ’</em></span> <span class='ocrx_word' id='word_1_33' title='bbox 2031 914 2167 986; x_wconf 68' lang='lat' dir='ltr'>civo?</span> <span class='ocrx_word' id='word_1_34' title='bbox 2216 922 2469 1023; x_wconf 78' lang='grc' dir='ltr'><strong><em>χώρους</em></strong></span> 
     </span>
     <span class='ocr_line' id='line_1_7' title="bbox 349 1006 2472 1092; baseline 0.001 -19"><span class='ocrx_word' id='word_1_35' title='bbox 349 1006 493 1074; x_wconf 83' lang='lat' dir='ltr'>libri</span> <span class='ocrx_word' id='word_1_36' title='bbox 561 1008 852 1092; x_wconf 83' lang='lat' dir='ltr'>plenam,</span> <span class='ocrx_word' id='word_1_37' title='bbox 935 1015 1085 1076; x_wconf 86' lang='lat' dir='ltr'>ante</span> <span class='ocrx_word' id='word_1_38' title='bbox 1164 1011 1320 1078; x_wconf 86' lang='lat' dir='ltr'>haec</span> <span class='ocrx_word' id='word_1_39' title='bbox 1399 1010 1600 1078; x_wconf 86' lang='lat' dir='ltr'>verba</span> <span class='ocrx_word' id='word_1_40' title='bbox 1677 1015 1893 1078; x_wconf 85' lang='lat' dir='ltr'>autem</span> <span class='ocrx_word' id='word_1_41' title='bbox 1965 1006 2206 1075; x_wconf 90' lang='lat' dir='ltr'>nullam</span> <span class='ocrx_word' id='word_1_42' title='bbox 2273 1009 2472 1076; x_wconf 90' lang='lat' dir='ltr'>inter-</span> 
     </span>
     <span class='ocr_line' id='line_1_8' title="bbox 348 1096 2476 1182; baseline 0 -19"><span class='ocrx_word' id='word_1_43' title='bbox 348 1098 749 1179; x_wconf 73' lang='lat' dir='ltr'><strong>punctionem</strong></span> <span class='ocrx_word' id='word_1_44' title='bbox 818 1096 1089 1180; x_wconf 85' lang='lat' dir='ltr'>habent,</span> <span class='ocrx_word' id='word_1_45' title='bbox 1157 1099 1566 1168; x_wconf 87' lang='lat' dir='ltr'>Hermannus</span> <span class='ocrx_word' id='word_1_46' title='bbox 1643 1102 1735 1167; x_wconf 80' lang='lat' dir='ltr'>ita</span> <span class='ocrx_word' id='word_1_47' title='bbox 1808 1099 2107 1175; x_wconf 76' lang='lat' dir='ltr'>mutavit</span> <span class='ocrx_word' id='word_1_48' title='bbox 2186 1103 2259 1165; x_wconf 90' lang='lat' dir='ltr'>ut</span> <span class='ocrx_word' id='word_1_49' title='bbox 2328 1105 2476 1182; x_wconf 89' lang='lat' dir='ltr'>post</span> 
     </span>
     <span class='ocr_line' id='line_1_9' title="bbox 351 1180 2472 1277; baseline 0.002 -27"><span class='ocrx_word' id='word_1_50' title='bbox 351 1180 605 1275; x_wconf 64' lang='grc' dir='ltr'><em>χώρους</em></span> <span class='ocrx_word' id='word_1_51' title='bbox 636 1187 949 1268; x_wconf 79' lang='lat' dir='ltr'>virgulam</span> <span class='ocrx_word' id='word_1_52' title='bbox 979 1195 1249 1271; x_wconf 88' lang='lat' dir='ltr'>poneret</span> <span class='ocrx_word' id='word_1_53' title='bbox 1278 1189 1476 1258; x_wconf 87' lang='lat' dir='ltr'>verba</span> <span class='ocrx_word' id='word_1_54' title='bbox 1508 1183 1741 1256; x_wconf 77' lang='grc' dir='ltr'><em>τούσδ’</em></span> <span class='ocrx_word' id='word_1_55' title='bbox 1771 1183 1904 1254; x_wconf 79' lang='grc' dir='ltr'><em>οἶνοί</em></span> <span class='ocrx_word' id='word_1_56' title='bbox 1941 1181 2196 1277; x_wconf 79' lang='grc' dir='ltr'><em>χώρους</em></span> <span class='ocrx_word' id='word_1_57' title='bbox 2222 1206 2265 1254; x_wconf 81' lang='lat' dir='ltr'>a</span> <span class='ocrx_word' id='word_1_58' title='bbox 2286 1204 2472 1270; x_wconf 85' lang='lat' dir='ltr'>prae-</span> 
     </span>
     <span class='ocr_line' id='line_1_10' title="bbox 350 1257 2475 1361; baseline 0.002 -21"><span class='ocrx_word' id='word_1_59' title='bbox 350 1257 721 1341; x_wconf 69' lang='lat' dir='ltr'><strong>dedentibus</strong></span> <span class='ocrx_word' id='word_1_60' title='bbox 765 1278 1127 1360; x_wconf 85' lang='lat' dir='ltr'>separanda</span> <span class='ocrx_word' id='word_1_61' title='bbox 1170 1297 1434 1346; x_wconf 86' lang='lat' dir='ltr'>censens</span> <span class='ocrx_word' id='word_1_62' title='bbox 1455 1329 1470 1360; x_wconf 89' lang='lat'><strong>‚</strong></span> <span class='ocrx_word' id='word_1_63' title='bbox 1535 1296 1617 1345; x_wconf 87' lang='lat' dir='ltr'>ne</span> <span class='ocrx_word' id='word_1_64' title='bbox 1675 1278 1893 1361; x_wconf 84' lang='lat' dir='ltr'>inepta</span> <span class='ocrx_word' id='word_1_65' title='bbox 1939 1276 2248 1343; x_wconf 84' lang='lat' dir='ltr'>evaderet</span> <span class='ocrx_word' id='word_1_66' title='bbox 2291 1295 2475 1361; x_wconf 83' lang='lat' dir='ltr'>repe</span> 
     </span>
     <span class='ocr_line' id='line_1_11' title="bbox 351 1364 2478 1449; baseline 0.001 -20"><span class='ocrx_word' id='word_1_67' title='bbox 351 1364 514 1430; x_wconf 87' lang='lat' dir='ltr'>titio.</span> <span class='ocrx_word' id='word_1_68' title='bbox 618 1364 745 1431; x_wconf 86' lang='lat' dir='ltr'>Sed</span> <span class='ocrx_word' id='word_1_69' title='bbox 805 1366 1066 1433; x_wconf 88' lang='lat' dir='ltr'>minime</span> <span class='ocrx_word' id='word_1_70' title='bbox 1126 1367 1395 1435; x_wconf 87' lang='lat' dir='ltr'>molesta</span> <span class='ocrx_word' id='word_1_71' title='bbox 1452 1367 1709 1436; x_wconf 79' lang='lat' dir='ltr'>exsistit</span> <span class='ocrx_word' id='word_1_72' title='bbox 1766 1365 2098 1449; x_wconf 88' lang='lat' dir='ltr'>repetitio,</span> <span class='ocrx_word' id='word_1_73' title='bbox 2162 1366 2478 1448; x_wconf 89' lang='lat' dir='ltr'>siquidem</span> 
     </span>
     <span class='ocr_line' id='line_1_12' title="bbox 352 1454 2477 1540; baseline 0.002 -22"><span class='ocrx_word' id='word_1_74' title='bbox 352 1470 494 1519; x_wconf 86' lang='lat' dir='ltr'>mea</span> <span class='ocrx_word' id='word_1_75' title='bbox 558 1454 924 1535; x_wconf 83' lang='lat' dir='ltr'>explicandi</span> <span class='ocrx_word' id='word_1_76' title='bbox 992 1455 1117 1524; x_wconf 91' lang='lat' dir='ltr'>loci</span> <span class='ocrx_word' id='word_1_77' title='bbox 1183 1460 1353 1524; x_wconf 82' lang='lat' dir='ltr'>ratio</span> <span class='ocrx_word' id='word_1_78' title='bbox 1418 1475 1544 1524; x_wconf 93' lang='lat' dir='ltr'>non</span> <span class='ocrx_word' id='word_1_79' title='bbox 1611 1473 1952 1540; x_wconf 83' lang='lat' dir='ltr'>perperam</span> <span class='ocrx_word' id='word_1_80' title='bbox 2027 1462 2128 1521; x_wconf 90' lang='lat' dir='ltr'>est</span> <span class='ocrx_word' id='word_1_81' title='bbox 2193 1457 2477 1522; x_wconf 84' lang='lat' dir='ltr'>inventa.</span> 
     </span>
     <span class='ocr_line' id='line_1_13' title="bbox 352 1542 2477 1632; baseline 0.002 -24"><span class='ocrx_word' id='word_1_82' title='bbox 352 1542 493 1608; x_wconf 85' lang='lat' dir='ltr'>Huc</span> <span class='ocrx_word' id='word_1_83' title='bbox 551 1543 831 1624; x_wconf 83' lang='lat' dir='ltr'>accedit,</span> <span class='ocrx_word' id='word_1_84' title='bbox 889 1546 1057 1626; x_wconf 91' lang='lat' dir='ltr'>quod</span> <span class='ocrx_word' id='word_1_85' title='bbox 1106 1564 1147 1612; x_wconf 86' lang='lat' dir='ltr'>a</span> <span class='ocrx_word' id='word_1_86' title='bbox 1191 1545 1405 1612; x_wconf 86' lang='lat' dir='ltr'>verbis</span> <span class='ocrx_word' id='word_1_87' title='bbox 1449 1542 1498 1632; x_wconf 79' lang='grc' dir='ltr'><em>ἦ</em></span> <span class='ocrx_word' id='word_1_88' title='bbox 1543 1568 1684 1613; x_wconf 81' lang='grc' dir='ltr'><em>που</em></span> <span class='ocrx_word' id='word_1_89' title='bbox 1725 1562 1862 1627; x_wconf 90' lang='lat' dir='ltr'>sqq.</span> <span class='ocrx_word' id='word_1_90' title='bbox 1910 1542 2254 1611; x_wconf 86' lang='lat' dir='ltr'>manifesto</span> <span class='ocrx_word' id='word_1_91' title='bbox 2312 1564 2477 1612; x_wconf 80' lang='lat' dir='ltr'>nova</span> 
     </span>
     <span class='ocr_line' id='line_1_14' title="bbox 353 1627 2476 1723; baseline 0.002 -27"><span class='ocrx_word' id='word_1_92' title='bbox 353 1631 560 1698; x_wconf 89' lang='lat' dir='ltr'>oritur</span> <span class='ocrx_word' id='word_1_93' title='bbox 603 1633 1062 1701; x_wconf 83' lang='lat' dir='ltr'>sententiarum</span> <span class='ocrx_word' id='word_1_94' title='bbox 1108 1636 1327 1715; x_wconf 55' lang='lat' dir='ltr'>series</span> <span class='ocrx_word' id='word_1_95' title='bbox 1375 1653 1541 1719; x_wconf 80' lang='lat' dir='ltr'>quae</span> <span class='ocrx_word' id='word_1_96' title='bbox 1586 1652 1727 1701; x_wconf 91' lang='lat' dir='ltr'>cum</span> <span class='ocrx_word' id='word_1_97' title='bbox 1776 1658 1903 1699; x_wconf 84' lang='grc' dir='ltr'><em>του</em></span> <span class='ocrx_word' id='word_1_98' title='bbox 1888 1627 2006 1699; x_wconf 66' lang='lat' dir='ltr'>&#39;ad&#39;</span> <span class='ocrx_word' id='word_1_99' title='bbox 2052 1627 2187 1699; x_wconf 67' lang='lat' dir='ltr'>tiva</span> <span class='ocrx_word' id='word_1_100' title='bbox 2220 1629 2476 1723; x_wconf 80' lang='grc' dir='ltr'><em>χώρους</em></span> 
     </span>
     <span class='ocr_line' id='line_1_15' title="bbox 353 1721 2476 1806; baseline 0.001 -19"><span class='ocrx_word' id='word_1_101' title='bbox 353 1721 650 1804; x_wconf 83' lang='lat' dir='ltr'>conjungi</span> <span class='ocrx_word' id='word_1_102' title='bbox 731 1740 858 1791; x_wconf 91' lang='grc' dir='ltr'><strong>ιιοιι</strong></span> <span class='ocrx_word' id='word_1_103' title='bbox 935 1725 1072 1791; x_wconf 88' lang='lat' dir='ltr'>sine</span> <span class='ocrx_word' id='word_1_104' title='bbox 1148 1723 1635 1791; x_wconf 84' lang='lat' dir='ltr'>difficultatibus</span> <span class='ocrx_word' id='word_1_105' title='bbox 1709 1740 1894 1806; x_wconf 89' lang='lat' dir='ltr'>posse</span> <span class='ocrx_word' id='word_1_106' title='bbox 1971 1722 2126 1788; x_wconf 90' lang='lat' dir='ltr'>mihi</span> <span class='ocrx_word' id='word_1_107' title='bbox 2201 1721 2476 1791; x_wconf 86' lang='lat' dir='ltr'>videtur.</span> 
     </span>
     <span class='ocr_line' id='line_1_16' title="bbox 354 1808 2477 1897; baseline 0.001 -22"><span class='ocrx_word' id='word_1_108' title='bbox 354 1808 580 1896; x_wconf 83' lang='lat' dir='ltr'>Neque</span> <span class='ocrx_word' id='word_1_109' title='bbox 603 1820 817 1878; x_wconf 85' lang='lat' dir='ltr'>tamen</span> <span class='ocrx_word' id='word_1_110' title='bbox 849 1810 1157 1879; x_wconf 88' lang='lat' dir='ltr'>librorum</span> <span class='ocrx_word' id='word_1_111' title='bbox 1189 1815 1443 1897; x_wconf 81' lang='lat' dir='ltr'>plenam</span> <span class='ocrx_word' id='word_1_112' title='bbox 1476 1813 2055 1895; x_wconf 84' lang='lat' dir='ltr'>interpunctionem</span> <span class='ocrx_word' id='word_1_113' title='bbox 2080 1812 2477 1893; x_wconf 81' lang='lat' dir='ltr'>retinuerim,</span> 
     </span>
     <span class='ocr_line' id='line_1_17' title="bbox 354 1898 2482 2012; baseline 0.002 -49"><span class='ocrx_word' id='word_1_114' title='bbox 354 1898 470 1966; x_wconf 85' lang='lat' dir='ltr'>sed</span> <span class='ocrx_word' id='word_1_115' title='bbox 527 1900 807 1967; x_wconf 83' lang='lat' dir='ltr'>mediam</span> <span class='ocrx_word' id='word_1_116' title='bbox 864 1904 1216 2012; x_wconf 82' lang='lat' dir='ltr'>posuerim,</span> <span class='ocrx_word' id='word_1_117' title='bbox 1273 1923 1467 1984; x_wconf 90' lang='lat' dir='ltr'>quum</span> <span class='ocrx_word' id='word_1_118' title='bbox 1527 1919 1694 1985; x_wconf 87' lang='lat' dir='ltr'>quae</span> <span class='ocrx_word' id='word_1_119' title='bbox 1745 1908 2126 1983; x_wconf 85' lang='lat' dir='ltr'>sequuntur,</span> <span class='ocrx_word' id='word_1_120' title='bbox 2187 1903 2308 1967; x_wconf 88' lang='lat' dir='ltr'>etsi</span> <span class='ocrx_word' id='word_1_121' title='bbox 2355 1919 2482 1967; x_wconf 92' lang='lat' dir='ltr'>non</span> 
     </span>
     <span class='ocr_line' id='line_1_18' title="bbox 353 1984 2481 2081; baseline 0.001 -27"><span class='ocrx_word' id='word_1_122' title='bbox 353 1995 533 2055; x_wconf 85' lang='lat' dir='ltr'>arcte</span> <span class='ocrx_word' id='word_1_123' title='bbox 577 2008 719 2057; x_wconf 86' lang='lat' dir='ltr'>cum</span> <span class='ocrx_word' id='word_1_124' title='bbox 773 1984 1006 2057; x_wconf 74' lang='grc' dir='ltr'><em>τούσδ’</em></span> <span class='ocrx_word' id='word_1_125' title='bbox 1049 1986 1183 2058; x_wconf 69' lang='lat' dir='ltr'>nivo?</span> <span class='ocrx_word' id='word_1_126' title='bbox 1229 1990 1484 2081; x_wconf 73' lang='grc' dir='ltr'><em>χώρους</em></span> <span class='ocrx_word' id='word_1_127' title='bbox 1541 1991 1984 2074; x_wconf 85' lang='lat' dir='ltr'>conjungenda</span> <span class='ocrx_word' id='word_1_128' title='bbox 2028 1994 2209 2070; x_wconf 85' lang='lat' dir='ltr'>sunt,</span> <span class='ocrx_word' id='word_1_129' title='bbox 2266 1997 2481 2057; x_wconf 83' lang='lat' dir='ltr'>tamen</span> 
     </span>
     <span class='ocr_line' id='line_1_19' title="bbox 358 2079 1842 2184; baseline 0.001 -40"><span class='ocrx_word' id='word_1_130' title='bbox 358 2095 482 2144; x_wconf 90' lang='grc' dir='ltr'><strong>ιιοιι</strong></span> <span class='ocrx_word' id='word_1_131' title='bbox 529 2096 794 2160; x_wconf 85' lang='lat' dir='ltr'>prorsus</span> <span class='ocrx_word' id='word_1_132' title='bbox 837 2079 1235 2184; x_wconf 79' lang='lat' dir='ltr'>sejungenda</span> <span class='ocrx_word' id='word_1_133' title='bbox 1279 2081 1433 2147; x_wconf 88' lang='lat' dir='ltr'>mihi</span> <span class='ocrx_word' id='word_1_134' title='bbox 1479 2081 1842 2148; x_wconf 83' lang='lat' dir='ltr'>videantur.</span> 
     </span>
    </p>

    <p class='ocr_par' dir='ltr' id='par_1_4' title="bbox 359 2163 2497 4395">
     <span class='ocr_line' id='line_1_20' title="bbox 440 2163 2484 2278; baseline 0 -45"><span class='ocrx_word' id='word_1_135' title='bbox 440 2173 445 2177; x_wconf 80' lang='grc'><strong><em>’</em></strong></span> <span class='ocrx_word' id='word_1_136' title='bbox 532 2167 867 2234; x_wconf 76' lang='lat' dir='ltr'>inducitur</span> <span class='ocrx_word' id='word_1_137' title='bbox 893 2170 1063 2235; x_wconf 90' lang='lat' dir='ltr'>enim</span> <span class='ocrx_word' id='word_1_138' title='bbox 1094 2171 1498 2278; x_wconf 83' lang='lat' dir='ltr'>antistropha</span> <span class='ocrx_word' id='word_1_139' title='bbox 1528 2189 1647 2253; x_wconf 87' lang='lat' dir='ltr'>per</span> <span class='ocrx_word' id='word_1_140' title='bbox 1674 2163 1865 2255; x_wconf 79' lang='grc' dir='ltr'><em>ἦπου</em></span> <span class='ocrx_word' id='word_1_141' title='bbox 1895 2169 2241 2235; x_wconf 88' lang='lat' dir='ltr'>secundum</span> <span class='ocrx_word' id='word_1_142' title='bbox 2266 2168 2484 2250; x_wconf 77' lang='lat' dir='ltr'>libroS,</span> 
     </span>
     <span class='ocr_line' id='line_1_21' title="bbox 362 2256 2482 2342; baseline 0.001 -21"><span class='ocrx_word' id='word_1_143' title='bbox 362 2256 529 2338; x_wconf 85' lang='lat' dir='ltr'>quod</span> <span class='ocrx_word' id='word_1_144' title='bbox 565 2256 908 2340; x_wconf 84' lang='lat' dir='ltr'>Elmslejus</span> <span class='ocrx_word' id='word_1_145' title='bbox 953 2259 1120 2325; x_wconf 88' lang='lat' dir='ltr'>idem</span> <span class='ocrx_word' id='word_1_146' title='bbox 1153 2261 1371 2341; x_wconf 92' lang='lat' dir='ltr'>quod</span> <span class='ocrx_word' id='word_1_147' title='bbox 1355 2285 1510 2335; x_wconf 79' lang='grc' dir='ltr'><strong>ισως</strong></span> <span class='ocrx_word' id='word_1_148' title='bbox 1540 2258 1904 2342; x_wconf 84' lang='lat' dir='ltr'>significare</span> <span class='ocrx_word' id='word_1_149' title='bbox 1934 2259 2204 2340; x_wconf 83' lang='lat' dir='ltr'>putavit.</span> <span class='ocrx_word' id='word_1_150' title='bbox 2276 2258 2482 2338; x_wconf 85' lang='lat' dir='ltr'>Quam</span> 
     </span>
     <span class='ocr_line' id='line_1_22' title="bbox 359 2346 2482 2456; baseline 0.001 -45"><span class='ocrx_word' id='word_1_151' title='bbox 359 2346 768 2425; x_wconf 82' lang='lat' dir='ltr'>sententiam,</span> <span class='ocrx_word' id='word_1_152' title='bbox 839 2365 1034 2428; x_wconf 88' lang='lat' dir='ltr'>quum</span> <span class='ocrx_word' id='word_1_153' title='bbox 1090 2356 1266 2414; x_wconf 85' lang='lat' dir='ltr'>recte</span> <span class='ocrx_word' id='word_1_154' title='bbox 1326 2348 1735 2456; x_wconf 80' lang='lat' dir='ltr'>Hermannus</span> <span class='ocrx_word' id='word_1_155' title='bbox 1801 2347 2152 2414; x_wconf 85' lang='lat' dir='ltr'>refutasset</span> <span class='ocrx_word' id='word_1_156' title='bbox 2221 2364 2482 2414; x_wconf 87' lang='lat' dir='ltr'>monens</span> 
     </span>
     <span class='ocr_line' id='line_1_23' title="bbox 363 2430 2483 2545; baseline 0.001 -46"><span class='ocrx_word' id='word_1_157' title='bbox 363 2434 457 2514; x_wconf 88' lang='lat' dir='ltr'>iis,</span> <span class='ocrx_word' id='word_1_158' title='bbox 502 2453 668 2517; x_wconf 81' lang='lat' dir='ltr'>quae</span> <span class='ocrx_word' id='word_1_159' title='bbox 710 2453 908 2518; x_wconf 85' lang='lat' dir='ltr'>supra</span> <span class='ocrx_word' id='word_1_160' title='bbox 936 2438 1208 2535; x_wconf 85' lang='lat' dir='ltr'>scripta</span> <span class='ocrx_word' id='word_1_161' title='bbox 1207 2445 1374 2508; x_wconf 88' lang='lat' dir='ltr'>sunt</span> <span class='ocrx_word' id='word_1_162' title='bbox 1423 2435 1471 2522; x_wconf 74' lang='grc' dir='ltr'><em>ἢ</em></span> <span class='ocrx_word' id='word_1_163' title='bbox 1501 2433 1678 2545; x_wconf 76' lang='grc' dir='ltr'><em>πρός</em></span> <span class='ocrx_word' id='word_1_164' title='bbox 1721 2436 2025 2503; x_wconf 68' lang='grc' dir='ltr'><strong>Πυθίαιο</strong></span> <span class='ocrx_word' id='word_1_165' title='bbox 2056 2432 2105 2523; x_wconf 77' lang='grc' dir='ltr'><em>ἢ</em></span> <span class='ocrx_word' id='word_1_166' title='bbox 2131 2430 2483 2525; x_wconf 69' lang='grc' dir='ltr'><strong>λαμπάσι)</strong></span> 
     </span>
     <span class='ocr_line' id='line_1_24' title="bbox 362 2515 2486 2630; baseline 0.003 -43"><span class='ocrx_word' id='word_1_167' title='bbox 362 2517 622 2602; x_wconf 60' lang='lat' dir='ltr'>cluzam,</span> <span class='ocrx_word' id='word_1_168' title='bbox 671 2544 839 2592; x_wconf 82' lang='lat' dir='ltr'>nunc</span> <span class='ocrx_word' id='word_1_169' title='bbox 883 2528 1143 2593; x_wconf 82' lang='lat' dir='ltr'>tertium</span> <span class='ocrx_word' id='word_1_170' title='bbox 1190 2515 1454 2610; x_wconf 78' lang='lat' dir='ltr'>adjungi</span> <span class='ocrx_word' id='word_1_171' title='bbox 1499 2524 1546 2610; x_wconf 64' lang='grc' dir='ltr'><strong><em>ἦ</em></strong></span> <span class='ocrx_word' id='word_1_172' title='bbox 1595 2549 1736 2593; x_wconf 77' lang='grc' dir='ltr'><em>που</em></span> <span class='ocrx_word' id='word_1_173' title='bbox 1776 2519 1905 2593; x_wconf 72' lang='grc' dir='ltr'>τόν</span> <span class='ocrx_word' id='word_1_174' title='bbox 1937 2525 2339 2630; x_wconf 78' lang='grc' dir='ltr'>ἐφέσπερον,</span> <span class='ocrx_word' id='word_1_175' title='bbox 2386 2528 2486 2593; x_wconf 84' lang='lat' dir='ltr'>vir</span> 
     </span>
     <span class='ocr_line' id='line_1_25' title="bbox 362 2612 2482 2700; baseline 0.002 -23"><span class='ocrx_word' id='word_1_176' title='bbox 362 2612 760 2681; x_wconf 83' lang='lat' dir='ltr'>doctissimus</span> <span class='ocrx_word' id='word_1_177' title='bbox 806 2617 1123 2682; x_wconf 81' lang='lat' dir='ltr'>versione:</span> <span class='ocrx_word' id='word_1_178' title='bbox 1175 2618 1315 2697; x_wconf 88' lang='grc' dir='ltr'>,.Ιοί</span> <span class='ocrx_word' id='word_1_179' title='bbox 1361 2623 1516 2700; x_wconf 90' lang='lat' dir='ltr'>puto</span> <span class='ocrx_word' id='word_1_180' title='bbox 1562 2633 1707 2680; x_wconf 90' lang='lat' dir='ltr'>mox</span> <span class='ocrx_word' id='word_1_181' title='bbox 1757 2615 2130 2681; x_wconf 85' lang='lat' dir='ltr'>dimicatum</span> <span class='ocrx_word' id='word_1_182' title='bbox 2175 2616 2285 2682; x_wconf 89' lang='lat' dir='ltr'>iri:</span> <span class='ocrx_word' id='word_1_183' title='bbox 2355 2616 2482 2682; x_wconf 89' lang='lat' dir='ltr'>illis</span> 
     </span>
     <span class='ocr_line' id='line_1_26' title="bbox 362 2703 2484 2784; baseline 0.001 -15"><span class='ocrx_word' id='word_1_184' title='bbox 362 2704 427 2769; x_wconf 89' lang='lat' dir='ltr'>in</span> <span class='ocrx_word' id='word_1_185' title='bbox 473 2703 645 2783; x_wconf 78' lang='lat' dir='ltr'>lociS‚</span> <span class='ocrx_word' id='word_1_186' title='bbox 707 2704 830 2771; x_wconf 90' lang='lat' dir='ltr'>nisi</span> <span class='ocrx_word' id='word_1_187' title='bbox 876 2706 1042 2771; x_wconf 77' lang='lat' dir='ltr'>forte</span> <span class='ocrx_word' id='word_1_188' title='bbox 1088 2707 1479 2774; x_wconf 88' lang='lat' dir='ltr'>occidentem</span> <span class='ocrx_word' id='word_1_189' title='bbox 1526 2723 1749 2771; x_wconf 89' lang='lat' dir='ltr'>versus</span> <span class='ocrx_word' id='word_1_190' title='bbox 1810 2704 2241 2784; x_wconf 87' lang='lat' dir='ltr'>aufugerunt“</span> <span class='ocrx_word' id='word_1_191' title='bbox 2286 2703 2484 2771; x_wconf 86' lang='lat' dir='ltr'>falsus</span> 
     </span>
     <span class='ocr_line' id='line_1_27' title="bbox 361 2791 2486 2880; baseline 0.001 -22"><span class='ocrx_word' id='word_1_192' title='bbox 361 2797 478 2859; x_wconf 83' lang='lat' dir='ltr'>est.</span> <span class='ocrx_word' id='word_1_193' title='bbox 578 2793 995 2860; x_wconf 87' lang='lat' dir='ltr'>Distinendae</span> <span class='ocrx_word' id='word_1_194' title='bbox 1052 2800 1267 2861; x_wconf 89' lang='lat' dir='ltr'>autem</span> <span class='ocrx_word' id='word_1_195' title='bbox 1323 2802 1473 2861; x_wconf 90' lang='lat' dir='ltr'>sunt</span> <span class='ocrx_word' id='word_1_196' title='bbox 1528 2795 1887 2861; x_wconf 87' lang='lat' dir='ltr'>sententiae</span> <span class='ocrx_word' id='word_1_197' title='bbox 1942 2812 2061 2876; x_wconf 91' lang='lat' dir='ltr'>per</span> <span class='ocrx_word' id='word_1_198' title='bbox 2112 2791 2159 2880; x_wconf 82' lang='grc' dir='ltr'><em>ἤ</em></span> <span class='ocrx_word' id='word_1_199' title='bbox 2206 2817 2347 2860; x_wconf 84' lang='grc' dir='ltr'><em>που</em></span> <span class='ocrx_word' id='word_1_200' title='bbox 2390 2795 2486 2860; x_wconf 90' lang='lat' dir='ltr'>di-</span> 
     </span>
     <span class='ocr_line' id='line_1_28' title="bbox 361 2881 2487 2967; baseline 0.002 -21"><span class='ocrx_word' id='word_1_201' title='bbox 361 2881 555 2960; x_wconf 82' lang='lat' dir='ltr'>visae,</span> <span class='ocrx_word' id='word_1_202' title='bbox 617 2883 790 2963; x_wconf 88' lang='lat' dir='ltr'>quod</span> <span class='ocrx_word' id='word_1_203' title='bbox 847 2889 1097 2949; x_wconf 80' lang='lat' dir='ltr'>mutata</span> <span class='ocrx_word' id='word_1_204' title='bbox 1151 2891 1298 2966; x_wconf 86' lang='lat' dir='ltr'>post</span> <span class='ocrx_word' id='word_1_205' title='bbox 1340 2881 1388 2967; x_wconf 70' lang='grc' dir='ltr'><em>ἤ</em></span> <span class='ocrx_word' id='word_1_206' title='bbox 1434 2908 1573 2950; x_wconf 78' lang='grc' dir='ltr'><em>που</em></span> <span class='ocrx_word' id='word_1_207' title='bbox 1618 2882 1958 2951; x_wconf 86' lang='lat' dir='ltr'>verborum</span> <span class='ocrx_word' id='word_1_208' title='bbox 2016 2883 2487 2950; x_wconf 88' lang='lat' dir='ltr'>constructione</span> 
     </span>
     <span class='ocr_line' id='line_1_29' title="bbox 364 2972 2486 3057; baseline 0 -19"><span class='ocrx_word' id='word_1_209' title='bbox 364 2973 858 3055; x_wconf 80' lang='lat' dir='ltr'>demonstratur,</span> <span class='ocrx_word' id='word_1_210' title='bbox 903 2974 1217 3055; x_wconf 88' lang='lat' dir='ltr'>simulque</span> <span class='ocrx_word' id='word_1_211' title='bbox 1262 2973 1764 3057; x_wconf 86' lang='lat' dir='ltr'>conjungendae,</span> <span class='ocrx_word' id='word_1_212' title='bbox 1812 2990 1959 3039; x_wconf 88' lang='lat' dir='ltr'>nam</span> <span class='ocrx_word' id='word_1_213' title='bbox 1994 2972 2092 3052; x_wconf 91' lang='lat' dir='ltr'>iis,</span> <span class='ocrx_word' id='word_1_214' title='bbox 2138 2990 2302 3055; x_wconf 88' lang='lat' dir='ltr'>quae</span> <span class='ocrx_word' id='word_1_215' title='bbox 2335 2979 2486 3039; x_wconf 88' lang='lat' dir='ltr'>ante</span> 
     </span>
     <span class='ocr_line' id='line_1_30' title="bbox 363 3062 2490 3142; baseline 0.001 -16"><span class='ocrx_word' id='word_1_216' title='bbox 363 3065 738 3129; x_wconf 82' lang='lat' dir='ltr'>enumerata</span> <span class='ocrx_word' id='word_1_217' title='bbox 794 3070 963 3141; x_wconf 79' lang='lat' dir='ltr'>sunt,</span> <span class='ocrx_word' id='word_1_218' title='bbox 1033 3063 1262 3129; x_wconf 88' lang='lat' dir='ltr'>tertius</span> <span class='ocrx_word' id='word_1_219' title='bbox 1317 3063 1586 3128; x_wconf 82' lang='lat' dir='ltr'>additm</span> <span class='ocrx_word' id='word_1_220' title='bbox 1645 3062 1850 3141; x_wconf 55' lang='lat' dir='ltr'>locu-02,</span> <span class='ocrx_word' id='word_1_221' title='bbox 1917 3063 1985 3127; x_wconf 91' lang='lat' dir='ltr'>in</span> <span class='ocrx_word' id='word_1_222' title='bbox 2052 3079 2237 3142; x_wconf 88' lang='lat' dir='ltr'>quem</span> <span class='ocrx_word' id='word_1_223' title='bbox 2298 3062 2490 3128; x_wconf 86' lang='lat' dir='ltr'>facile</span> 
     </span>
     <span class='ocr_line' id='line_1_31' title="bbox 363 3150 2485 3260; baseline 0 -43"><span class='ocrx_word' id='word_1_224' title='bbox 363 3150 645 3232; x_wconf 83' lang='lat' dir='ltr'>effugere</span> <span class='ocrx_word' id='word_1_225' title='bbox 713 3152 994 3233; x_wconf 85' lang='lat' dir='ltr'>potuisse</span> <span class='ocrx_word' id='word_1_226' title='bbox 1063 3152 1401 3218; x_wconf 89' lang='lat' dir='ltr'>Thebanos</span> <span class='ocrx_word' id='word_1_227' title='bbox 1466 3153 1835 3260; x_wconf 88' lang='lat' dir='ltr'>suspicatur</span> <span class='ocrx_word' id='word_1_228' title='bbox 1891 3150 2485 3234; x_wconf 80' lang='lat' dir='ltr'>chorus.1taque</span> 
     </span>
     <span class='ocr_line' id='line_1_32' title="bbox 360 3233 2488 3347; baseline -0 -40"><span class='ocrx_word' id='word_1_229' title='bbox 360 3260 504 3307; x_wconf 85' lang='lat' dir='ltr'>cum</span> <span class='ocrx_word' id='word_1_230' title='bbox 549 3239 829 3306; x_wconf 89' lang='lat' dir='ltr'>Henrico</span> <span class='ocrx_word' id='word_1_231' title='bbox 878 3240 1200 3325; x_wconf 85' lang='lat' dir='ltr'>Stephano</span> <span class='ocrx_word' id='word_1_232' title='bbox 1247 3248 1315 3307; x_wconf 91' lang='lat' dir='ltr'>et</span> <span class='ocrx_word' id='word_1_233' title='bbox 1353 3241 1723 3309; x_wconf 88' lang='lat' dir='ltr'>Hermanno</span> <span class='ocrx_word' id='word_1_234' title='bbox 1769 3233 1959 3347; x_wconf 76' lang='grc' dir='ltr'><em>ἦπου</em></span> <span class='ocrx_word' id='word_1_235' title='bbox 2001 3243 2071 3306; x_wconf 90' lang='lat' dir='ltr'>in</span> <span class='ocrx_word' id='word_1_236' title='bbox 2116 3236 2306 3326; x_wconf 70' lang='grc' dir='ltr'><em>ἦπου</em></span> <span class='ocrx_word' id='word_1_237' title='bbox 2350 3259 2488 3308; x_wconf 90' lang='lat' dir='ltr'>mu-</span> 
     </span>
     <span class='ocr_line' id='line_1_33' title="bbox 363 3322 2489 3434; baseline 0.001 -39"><span class='ocrx_word' id='word_1_238' title='bbox 363 3330 662 3409; x_wconf 77' lang='lat' dir='ltr'>taverim,</span> <span class='ocrx_word' id='word_1_239' title='bbox 746 3334 823 3395; x_wconf 84' lang='lat' dir='ltr'>ut</span> <span class='ocrx_word' id='word_1_240' title='bbox 897 3329 986 3396; x_wconf 83' lang='lat' dir='ltr'>sit</span> <span class='ocrx_word' id='word_1_241' title='bbox 1067 3323 1719 3411; x_wconf 78' lang='grc' dir='ltr'><strong>παραδιαζευκτικος</strong></span> <span class='ocrx_word' id='word_1_242' title='bbox 1775 3322 2156 3434; x_wconf 78' lang='grc' dir='ltr'><em>σύνδεσμος</em></span> <span class='ocrx_word' id='word_1_243' title='bbox 2224 3337 2489 3414; x_wconf 84' lang='lat' dir='ltr'>propter</span> 
     </span>
     <span class='ocr_line' id='line_1_34' title="bbox 363 3410 2489 3523; baseline 0.001 -39"><span class='ocrx_word' id='word_1_244' title='bbox 363 3420 752 3501; x_wconf 74' lang='lat' dir='ltr'>praecedens</span> <span class='ocrx_word' id='word_1_245' title='bbox 796 3415 844 3502; x_wconf 78' lang='grc' dir='ltr'><em>ἢ</em></span> <span class='ocrx_word' id='word_1_246' title='bbox 892 3414 1065 3503; x_wconf 77' lang='grc' dir='ltr'><em>πρός</em></span> <span class='ocrx_word' id='word_1_247' title='bbox 1110 3413 1430 3492; x_wconf 76' lang='grc' dir='ltr'><strong>Πυθίαις</strong></span> <span class='ocrx_word' id='word_1_248' title='bbox 1472 3415 1520 3503; x_wconf 79' lang='grc' dir='ltr'><em>ἢ</em></span> <span class='ocrx_word' id='word_1_249' title='bbox 1565 3414 1926 3523; x_wconf 74' lang='grc' dir='ltr'><strong>λαμπάσιν</strong></span> <span class='ocrx_word' id='word_1_250' title='bbox 1970 3410 2233 3497; x_wconf 78' lang='grc' dir='ltr'><em>οἷκταῖς,</em></span> <span class='ocrx_word' id='word_1_251' title='bbox 2291 3420 2489 3486; x_wconf 83' lang='lat' dir='ltr'>inter-</span> 
     </span>
     <span class='ocr_line' id='line_1_35' title="bbox 364 3500 2488 3616; baseline 0.002 -45"><span class='ocrx_word' id='word_1_252' title='bbox 364 3509 767 3589; x_wconf 79' lang='lat' dir='ltr'>punctionem</span> <span class='ocrx_word' id='word_1_253' title='bbox 811 3512 1027 3574; x_wconf 82' lang='lat' dir='ltr'>autem</span> <span class='ocrx_word' id='word_1_254' title='bbox 1072 3507 1236 3575; x_wconf 82' lang='lat' dir='ltr'>hanc</span> <span class='ocrx_word' id='word_1_255' title='bbox 1284 3508 1671 3575; x_wconf 88' lang='lat' dir='ltr'>instituerim</span> <span class='ocrx_word' id='word_1_256' title='bbox 1720 3500 2020 3616; x_wconf 76' lang='grc' dir='ltr'><em>γώρους·</em></span> <span class='ocrx_word' id='word_1_257' title='bbox 2073 3502 2117 3590; x_wconf 72' lang='grc' dir='ltr'><em>ἦ</em></span> <span class='ocrx_word' id='word_1_258' title='bbox 2158 3533 2300 3576; x_wconf 87' lang='grc' dir='ltr'><em>που</em></span> <span class='ocrx_word' id='word_1_259' title='bbox 2345 3510 2488 3575; x_wconf 75' lang='grc' dir='ltr'><strong><em>κτλ.</em></strong></span> 
     </span>
     <span class='ocr_line' id='line_1_36' title="bbox 380 3591 2491 3684; baseline 0.002 -20"><span class='ocrx_word' id='word_1_260' title='bbox 380 3626 387 3629; x_wconf 53' lang='grc'><strong>’</strong></span> <span class='ocrx_word' id='word_1_261' title='bbox 540 3598 718 3677; x_wconf 78' lang='lat' dir='ltr'>Quae</span> <span class='ocrx_word' id='word_1_262' title='bbox 763 3597 1028 3679; x_wconf 86' lang='lat' dir='ltr'>posthac</span> <span class='ocrx_word' id='word_1_263' title='bbox 1072 3605 1427 3680; x_wconf 86' lang='lat' dir='ltr'>sequuntur</span> <span class='ocrx_word' id='word_1_264' title='bbox 1471 3596 1673 3663; x_wconf 84' lang='lat' dir='ltr'>verba</span> <span class='ocrx_word' id='word_1_265' title='bbox 1718 3620 1762 3681; x_wconf 85' lang='grc' dir='ltr'><em>η</em></span> <span class='ocrx_word' id='word_1_266' title='bbox 1812 3618 2122 3662; x_wconf 87' lang='grc' dir='ltr'><em>που...</em></span> <span class='ocrx_word' id='word_1_267' title='bbox 2172 3591 2491 3684; x_wconf 70' lang='grc' dir='ltr'><strong>οἷμίλλοιισ</strong></span> 
     </span>
     <span class='ocr_line' id='line_1_37' title="bbox 364 3646 2491 3769; baseline -0 -16"><span class='ocrx_word' id='word_1_268' title='bbox 364 3706 522 3754; x_wconf 80' lang='lat' dir='ltr'>crux</span> <span class='ocrx_word' id='word_1_269' title='bbox 568 3705 804 3768; x_wconf 83' lang='lat' dir='ltr'>magna</span> <span class='ocrx_word' id='word_1_270' title='bbox 849 3686 1114 3753; x_wconf 81' lang='lat' dir='ltr'>fuerunt</span> <span class='ocrx_word' id='word_1_271' title='bbox 1155 3688 1604 3769; x_wconf 86' lang='lat' dir='ltr'>interpretum,</span> <span class='ocrx_word' id='word_1_272' title='bbox 1651 3703 1867 3766; x_wconf 87' lang='lat' dir='ltr'>quum,</span> <span class='ocrx_word' id='word_1_273' title='bbox 1914 3646 2101 3766; x_wconf 79' lang='lat' dir='ltr'>quem</span> <span class='ocrx_word' id='word_1_274' title='bbox 2149 3686 2355 3755; x_wconf 91' lang='lat' dir='ltr'>locum</span> <span class='ocrx_word' id='word_1_275' title='bbox 2391 3687 2491 3753; x_wconf 87' lang='lat' dir='ltr'>his</span> 
     </span>
     <span class='ocr_line' id='line_1_38' title="bbox 364 3774 2489 3858; baseline 0 -16"><span class='ocrx_word' id='word_1_276' title='bbox 364 3776 577 3843; x_wconf 84' lang='lat' dir='ltr'>verbis</span> <span class='ocrx_word' id='word_1_277' title='bbox 619 3776 1057 3857; x_wconf 82' lang='lat' dir='ltr'>designaverit</span> <span class='ocrx_word' id='word_1_278' title='bbox 1097 3782 1306 3858; x_wconf 82' lang='lat' dir='ltr'>poeta,</span> <span class='ocrx_word' id='word_1_279' title='bbox 1375 3793 1493 3842; x_wconf 91' lang='lat' dir='ltr'>nec</span> <span class='ocrx_word' id='word_1_280' title='bbox 1547 3774 2039 3841; x_wconf 80' lang='lat' dir='ltr'>scholiastarum</span> <span class='ocrx_word' id='word_1_281' title='bbox 2095 3793 2212 3843; x_wconf 90' lang='lat' dir='ltr'>nec</span> <span class='ocrx_word' id='word_1_282' title='bbox 2271 3794 2489 3844; x_wconf 90' lang='lat' dir='ltr'>recen-</span> 
     </span>
     <span class='ocr_line' id='line_1_39' title="bbox 366 3862 2487 3949; baseline -0 -17"><span class='ocrx_word' id='word_1_283' title='bbox 366 3867 600 3933; x_wconf 87' lang='lat' dir='ltr'>tiorum</span> <span class='ocrx_word' id='word_1_284' title='bbox 658 3868 1082 3949; x_wconf 78' lang='lat' dir='ltr'>interpretum</span> <span class='ocrx_word' id='word_1_285' title='bbox 1149 3862 1673 3932; x_wconf 85' lang='lat' dir='ltr'>annotationibus</span> <span class='ocrx_word' id='word_1_286' title='bbox 1733 3866 1800 3930; x_wconf 91' lang='lat' dir='ltr'>in</span> <span class='ocrx_word' id='word_1_287' title='bbox 1865 3863 2043 3931; x_wconf 87' lang='lat' dir='ltr'>clara</span> <span class='ocrx_word' id='word_1_288' title='bbox 2109 3866 2487 3933; x_wconf 89' lang='lat' dir='ltr'>collocatum</span> 
     </span>
     <span class='ocr_line' id='line_1_40' title="bbox 367 3946 2491 4061; baseline -0 -41"><span class='ocrx_word' id='word_1_289' title='bbox 367 3955 454 4021; x_wconf 88' lang='lat' dir='ltr'>sit</span> <span class='ocrx_word' id='word_1_290' title='bbox 498 3954 654 4023; x_wconf 87' lang='lat' dir='ltr'>luce.</span> <span class='ocrx_word' id='word_1_291' title='bbox 747 3955 1023 4021; x_wconf 87' lang='lat' dir='ltr'>Tradita</span> <span class='ocrx_word' id='word_1_292' title='bbox 1053 3961 1268 4020; x_wconf 86' lang='lat' dir='ltr'>autem</span> <span class='ocrx_word' id='word_1_293' title='bbox 1299 3960 1453 4021; x_wconf 88' lang='lat' dir='ltr'>sunt</span> <span class='ocrx_word' id='word_1_294' title='bbox 1481 3954 1641 4021; x_wconf 88' lang='lat' dir='ltr'>haec</span> <span class='ocrx_word' id='word_1_295' title='bbox 1675 3951 1900 4019; x_wconf 85' lang='lat' dir='ltr'>verba:</span> <span class='ocrx_word' id='word_1_296' title='bbox 1950 3946 2079 4017; x_wconf 80' lang='grc' dir='ltr'>τόυ</span> <span class='ocrx_word' id='word_1_297' title='bbox 2111 3956 2491 4061; x_wconf 74' lang='grc' dir='ltr'><em>ἐφέσπερον</em></span> 
     </span>
     <span class='ocr_line' id='line_1_41' title="bbox 368 4036 2490 4151; baseline 0 -41"><span class='ocrx_word' id='word_1_298' title='bbox 368 4042 625 4151; x_wconf 73' lang='grc' dir='ltr'><strong>πέτροις</strong></span> <span class='ocrx_word' id='word_1_299' title='bbox 683 4036 974 4151; x_wconf 75' lang='grc' dir='ltr'><strong>νιφαδος</strong></span> <span class='ocrx_word' id='word_1_300' title='bbox 1032 4040 1272 4110; x_wconf 80' lang='grc' dir='ltr'><em>πελώσ’</em></span> <span class='ocrx_word' id='word_1_301' title='bbox 1339 4036 1667 4116; x_wconf 75' lang='grc' dir='ltr'><strong>Οἰάτιδος</strong></span> <span class='ocrx_word' id='word_1_302' title='bbox 1729 4048 1801 4109; x_wconf 72' lang='grc' dir='ltr'>ἐκ</span> <span class='ocrx_word' id='word_1_303' title='bbox 1856 4044 2081 4128; x_wconf 77' lang='grc' dir='ltr'><em>νομοῦ</em></span> <span class='ocrx_word' id='word_1_304' title='bbox 2137 4040 2490 4123; x_wconf 68' lang='grc' dir='ltr'><strong>πώὶοισιν,</strong></span> 
     </span>
     <span class='ocr_line' id='line_1_42' title="bbox 370 4126 2493 4246; baseline 0.001 -50"><span class='ocrx_word' id='word_1_305' title='bbox 370 4128 415 4216; x_wconf 78' lang='grc' dir='ltr'><strong><em>ἧ</em></strong></span> <span class='ocrx_word' id='word_1_306' title='bbox 435 4128 952 4220; x_wconf 76' lang='grc' dir='ltr'><strong>ῥιμφαρματοις</strong></span> <span class='ocrx_word' id='word_1_307' title='bbox 980 4129 1353 4246; x_wconf 48' lang='grc' dir='ltr'><em>φεύγοντες</em></span> <span class='ocrx_word' id='word_1_308' title='bbox 1385 4126 1720 4219; x_wconf 78' lang='grc' dir='ltr'><strong>αμι’λλαις;</strong></span> <span class='ocrx_word' id='word_1_309' title='bbox 1756 4131 1980 4198; x_wconf 79' lang='lat' dir='ltr'>addito</span> <span class='ocrx_word' id='word_1_310' title='bbox 2005 4130 2089 4197; x_wconf 81' lang='lat' dir='ltr'>ad</span> <span class='ocrx_word' id='word_1_311' title='bbox 2115 4132 2493 4243; x_wconf 74' lang='grc' dir='ltr'><em>ἐφέσπερον</em></span> 
     </span>
     <span class='ocr_line' id='line_1_43' title="bbox 367 4213 2491 4309; baseline -0.001 -22"><span class='ocrx_word' id='word_1_312' title='bbox 367 4240 408 4287; x_wconf 83' lang='lat' dir='ltr'>a</span> <span class='ocrx_word' id='word_1_313' title='bbox 437 4241 630 4293; x_wconf 80' lang='lat' dir='ltr'>manu</span> <span class='ocrx_word' id='word_1_314' title='bbox 661 4221 977 4291; x_wconf 76' lang='lat' dir='ltr'>secunda:</span> <span class='ocrx_word' id='word_1_315' title='bbox 1026 4227 1111 4308; x_wconf 78' lang='grc' dir='ltr'>ἐφ</span> <span class='ocrx_word' id='word_1_316' title='bbox 1160 4226 1477 4306; x_wconf 76' lang='grc' dir='ltr'>ἕσπερον,</span> <span class='ocrx_word' id='word_1_317' title='bbox 1502 4218 1679 4289; x_wconf 77' lang='lat' dir='ltr'>etad</span> <span class='ocrx_word' id='word_1_318' title='bbox 1706 4213 1946 4287; x_wconf 64' lang='lat' dir='ltr'>weaffio’</span> <span class='ocrx_word' id='word_1_319' title='bbox 1966 4244 2072 4309; x_wconf 75' lang='grc' dir='ltr'><em>γρ.</em></span> <span class='ocrx_word' id='word_1_320' title='bbox 2097 4215 2491 4301; x_wconf 76' lang='grc' dir='ltr'><strong>πελάζουσι,</strong></span> 
     </span>
     <span class='ocr_line' id='line_1_44' title="bbox 375 4308 2497 4395; baseline -0.001 -16"><span class='ocrx_word' id='word_1_321' title='bbox 375 4329 540 4392; x_wconf 81' lang='lat' dir='ltr'>quae</span> <span class='ocrx_word' id='word_1_322' title='bbox 586 4317 862 4392; x_wconf 85' lang='lat' dir='ltr'>utraque</span> <span class='ocrx_word' id='word_1_323' title='bbox 909 4311 1233 4395; x_wconf 87' lang='lat' dir='ltr'>scriptura</span> <span class='ocrx_word' id='word_1_324' title='bbox 1279 4310 1462 4375; x_wconf 48' lang='lat' dir='ltr'>saria</span> <span class='ocrx_word' id='word_1_325' title='bbox 1500 4308 1657 4375; x_wconf 88' lang='lat' dir='ltr'>viris</span> <span class='ocrx_word' id='word_1_326' title='bbox 1689 4309 1942 4377; x_wconf 90' lang='lat' dir='ltr'>doctis</span> <span class='ocrx_word' id='word_1_327' title='bbox 1915 4327 2063 4391; x_wconf 79' lang='lat' dir='ltr'>Jure</span> <span class='ocrx_word' id='word_1_328' title='bbox 2092 4310 2269 4376; x_wconf 86' lang='lat' dir='ltr'>haud</span> <span class='ocrx_word' id='word_1_329' title='bbox 2302 4311 2497 4392; x_wconf 86' lang='lat' dir='ltr'>digna</span> 
     </span>
    </p>
   </div>
   <div class='ocr_carea' id='block_1_4' title="bbox 2139 4418 2173 4471">
    <p class='ocr_par' dir='ltr' id='par_1_5' title="bbox 2139 4418 2173 4471">
     <span class='ocr_line' id='line_1_45' title="bbox 2139 4418 2173 4471; baseline 0 0"><span class='ocrx_word' id='word_1_330' title='bbox 2139 4418 2173 4471; x_wconf 75' lang='lat'>3</span> 
     </span>
    </p>
   </div>
  </div>
 </body>
</html>
