3169 5038
1793 476 1830 541 6

749 705 955 754 meam
1006 687 1360 753 suadentia.
1456 686 1530 752 In
1577 689 1703 754 illis
1734 706 1898 770 quae
1930 688 2323 772 praecedunt
2351 687 2564 754 verbis
2597 704 2653 752 v.
2692 687 2861 754 1019

751 795 881 859 sqq.
957 771 1123 842 ὁδοῦ
1193 771 1552 865 κατάρχειν
1629 778 1788 864 (scil.
1860 770 2259 863 προστάσσω
2331 782 2462 859 σοι)
2538 777 2664 861 τῆς
2738 781 2865 842 ἐκεῖ

752 867 869 929 κτλ
904 915 1095 932 .....
1131 859 1276 930 ἀλλ’
1327 868 1666 953 ἐξυᾳηγοῦ
1713 867 1994 935 Theseus
2044 865 2384 932 Creontem
2430 884 2504 932 eo
2550 883 2619 930 se
2666 865 2864 931 dedu-

753 972 898 1021 cere
938 954 1143 1038 jubet,
1187 955 1297 1020 ubi
1343 957 1578 1021 armati
1609 956 1780 1022 illius
1810 956 2089 1039 virgines
2121 961 2342 1037 raptas
2375 960 2652 1033 teneant,
2697 954 2865 1036 quod

753 1063 879 1108 non
925 1062 1083 1126 opus
1143 1051 1338 1120 esset,
1398 1044 1453 1108 si
1500 1045 1783 1112 Theseus
1839 1045 1962 1111 sibi
2016 1062 2392 1127 persuasum
2452 1043 2742 1126 haberet,
2798 1061 2867 1110 se

751 1131 1086 1199 Thebanos
1146 1133 1213 1198 in
1272 1133 1631 1199 rectissima
1674 1152 1839 1216 quae
1886 1133 2137 1200 Thebas
2183 1133 2447 1200 duceret
2499 1135 2605 1198 via
2651 1134 2865 1199 inven-

753 1228 1000 1302 turum3
1049 1241 1252 1304 neque
1294 1222 1449 1287 vitio
1494 1224 1874 1289 vertendum
1921 1227 2007 1290 sit
2051 1222 2418 1305 raptoribus
2466 1222 2610 1298 illis,
2656 1222 2711 1288 si
2743 1239 2865 1303 quo

750 1311 1001 1378 facilius
1060 1312 1363 1391 evadant,
1424 1313 1624 1378 deviis
1671 1316 1940 1379 utantur
2003 1311 2357 1378 itineribus
2448 1311 2870 1377 Nihilominus

748 1401 885 1466 fere
946 1419 1162 1466 omnes
1219 1402 1606 1482 interpretes
1663 1403 2085 1468 rectissimam
2145 1402 2870 1484 opportunissimamque

753 1489 1071 1556 Thebanis
1100 1489 1183 1554 ad
1208 1488 1638 1571 effugiendum
1671 1491 1845 1556 viam
1878 1490 2262 1557 attribuunt.
2335 1492 2517 1571 Quod
2543 1491 2598 1556 si
2623 1495 2869 1557 rectum

754 1585 869 1660 est,
918 1578 1094 1645 aliud
1133 1586 1538 1660 momentum,
1586 1598 1710 1661 quo
1742 1578 2124 1660 offendatur,
2170 1586 2402 1659 exstat.
2494 1580 2872 1646 Rectissima

750 1668 863 1733 illa
909 1670 1022 1735 via,
1058 1688 1186 1734 una
1229 1673 1481 1735 tantum
1526 1687 1665 1735 esse
1711 1674 1953 1752 potest,
2000 1671 2106 1734 via
2162 1686 2347 1736 sacra
2391 1669 2695 1735 Eleusina
2740 1669 2871 1751 pri-

751 1774 943 1837 mum,
1000 1758 1150 1823 inde
1210 1758 1276 1823 in
1321 1757 1653 1825 Boeotiam
1716 1759 2036 1843 ducens1).
2143 1759 2272 1825 Sed
2334 1758 2696 1824 mirandum
2753 1762 2871 1833 est,

751 1864 865 1912 cur
922 1846 1045 1911 duo
1105 1852 1354 1915 tantum
1408 1849 1549 1914 viae
1609 1849 1749 1914 loca
1795 1867 1852 1916 ,a
1910 1848 2101 1914 choro
2151 1848 2585 1930 designentur,
2644 1845 2874 1929 quibus

751 1936 1171 2002 Athenienses
1204 1937 1268 2001 in
1304 1936 1640 2003 Thebanos
1672 1937 1984 2004 incisuros
2016 1937 2467 2019 suspicandum
2498 1937 2603 2018 sit,
2649 1954 2867 2018 quam·

748 2043 939 2107 quam
981 2027 1191 2106 potius
1238 2026 1306 2090 in
1362 2046 1740 2109 unaquaque
1809 2028 1952 2093 viae
2022 2045 2242 2094 sacrae
2299 2032 2487 2110 parte
2545 2044 2663 2108 pro
2726 2043 2871 2108 per-

748 2115 1149 2196 sequentium
1213 2115 1542 2182 celeritate
1600 2134 1942 2182 concursus
1988 2114 2128 2182 fieri
2184 2121 2459 2198 poterat.
2559 2116 2871 2197 Equidem

752 2200 1007 2279 causam
1053 2223 1178 2270 non
1225 2205 1528 2286 intelligo,
1593 2223 1719 2287 qua
1764 2204 2080 2272 adductus
2135 2206 2262 2272 illis
2319 2204 2565 2271 duobus
2620 2209 2873 2270 tantum

749 2293 903 2360 locis
950 2313 990 2359 a
1032 2299 1224 2375 poeta
1273 2294 1625 2376 designatis
1670 2311 1951 2376 pugnam
1999 2294 2306 2360 committi
2353 2313 2540 2376 posse
2587 2293 2872 2361 credam.

753 2383 935 2461 Quod
994 2383 1048 2447 si
1108 2389 1351 2449 rectum
1413 2390 1601 2459 esset,
1662 2383 1891 2450 chorus
1953 2383 2165 2449 dicere
2213 2383 2536 2451 debuisset
2586 2384 2872 2463 „utinam

754 2478 977 2553 essem,
1036 2488 1159 2553 quo
1215 2471 1389 2538 illius
1448 2473 1590 2540 viae
1642 2474 1779 2540 loco
1842 2473 2265 2540 Athenienses
2327 2474 2606 2541 Martem
2651 2473 2872 2539 misce-

751 2562 916 2628 bunt
958 2565 1120 2628 etc.“
1215 2562 1385 2628 Satis
1431 2563 1634 2630 multa
1680 2568 2060 2646 argumenta
2107 2564 2402 2629 attulisse
2434 2563 2589 2628 mihi
2635 2563 2874 2642 videor,

751 2650 979 2732 quibus
1064 2651 1343 2727 eluceat,
1425 2652 1782 2734 complures
1858 2660 2112 2735 poetam
2192 2653 2329 2718 vias
2401 2650 2721 2718 Thebanis
2791 2650 2873 2716 ad

751 2740 1205 2820 aufugiendum
1240 2740 1559 2807 tribuisse.
1640 2742 2150 2823 Pei-quirendum
2181 2742 2379 2823 igitur
2411 2747 2872 2823 est,·quaenam

751 2835 942 2912 poeta
1000 2829 1237 2896 dixerit
1302 2830 1442 2896 loca
1509 2828 1723 2897 verbis
1784 2828 1957 2910 πρός
2021 2831 2335 2903 ,Πυθῖαις
2400 2827 2447 2914 ἧ
2515 2823 2873 2915 λαμπάσιν
2922 2827 2937 2838 “

756 2907 1015 2995 οἷκταῖς,
1064 2926 1129 2984 et
1176 2925 1392 2985 utrum
1439 2939 1632 2985 unam
1681 2925 1948 2999 tantum,
1997 2939 2078 2984 an
2124 2920 2282 2985 duas
2314 2918 2705 3001 fugientibus
2736 2918 2873 2983 vias

754 3013 1009 3088 praesto
1081 3027 1220 3074 esse
1280 3009 1571 3076 voluerit.
1683 3008 2061 3075 Proficiscar
2113 3013 2330 3075 autem
2386 3008 2470 3076 ab
2519 3009 2597 3075 iis
2641 3006 2874 3085 verbis,

752 3114 918 3177 quae
984 3116 1101 3178 per
1170 3116 1237 3163 se
1296 3099 1570 3165 maxime
1630 3104 1780 3163 sunt
1842 3099 2211 3181 perspicua,
2281 3092 2456 3182 πρός
2517 3089 2875 3184 λαμπάσιν

754 3180 1011 3257 clavatae.
1105 3186 1201 3251 Ex
1245 3189 1325 3253 iis
1371 3205 1533 3270 quae
1566 3188 1936 3254 scholiastes
1970 3188 2052 3253 ad
2083 3187 2250 3252 hunc
2280 3188 2484 3253 locum
2519 3185 2872 3264 adnotavit,

755 3274 1058 3340 Eleusina
1116 3295 1155 3340 a
1215 3281 1404 3358 poeta
1468 3295 1608 3343 esse
1671 3277 2068 3357 designatam
2127 3277 2443 3357 sequitur,
2514 3276 2765 3342 nomine
2835 3294 2874 3339 a

754 3363 961 3428 taedis
1032 3365 1256 3444 ducto,
1334 3383 1609 3451 quarum
1680 3385 1863 3431 usum
1930 3366 2198 3431 multum
2267 3365 2463 3432 fuisse
2534 3367 2601 3431 in
2675 3365 2875 3430 sacris

753 3454 1079 3518 nocturnis
1137 3453 1477 3520 Eleusiniis
1540 3453 1759 3520 notum
1816 3462 1931 3521 est.
2046 3453 2375 3520 Habemus
2434 3456 2631 3535 igitur
2685 3455 2875 3531 viam,

754 3559 880 3622 qua
927 3539 1227 3623 effugisse
1258 3543 1595 3610 Thebanos
1627 3545 1941 3627 suspicari
1975 3563 2328 3627 possumus.
2421 3545 2616 3625 Ducit
2660 3552 2874 3608 autem

753 3649 871 3712 per
917 3631 1143 3706 vallem
1192 3635 1496 3698 montium
1544 3632 1625 3699 ab
1662 3633 1928 3700 Athenis
1971 3634 2474 3716 septentrionem
2513 3649 2875 3716 vesperum-

905 3862 945 3931 ¹)
983 3863 1219 3938 Obstare
1249 3865 1475 3934 quidem
1504 3864 1735 3929 videtur,
1774 3865 1920 3935 quod
1938 3864 2193 3921 Bursian.
2218 3880 2389 3934 geogr
2431 3881 2507 3934 gr.
2530 3864 2575 3918 1.
2598 3878 2650 3932 p.
2669 3862 2773 3918 332
2795 3877 2880 3931 sq.

756 3935 913 3991 aliam
937 3936 1088 4020 ‘viam
1124 3938 1193 3991 ab
1232 3936 1471 3991 Athenis
1506 3953 1611 4006 per
1651 3936 1935 4021 Achai-nas
1975 3939 2031 3990 et
2062 3936 2280 4022 Bhylen
2318 3935 2605 4019 ducentem
2642 3933 2877 4016 rectissi-

758 4007 1518 4135 stffiuzzzfflutsteasszs‘ss
1523 4004 2881 4162 h2355g53325m⁶3t⁰¹3s3133ffifflffsszziztss

760 4154 1096 4220 argumento,
1189 4150 1423 4205 Restant
1476 4151 1645 4220 igitur
1688 4150 1904 4205 brevior
1952 4165 2040 4204 vna
2093 4166 2254 4205 sacra
2304 4165 2404 4221 per
2447 4146 2701 4211 Eleusin,
2755 4146 2880 4230 inde

763 4221 987 4278 Oenosn
1028 4225 1084 4275 et
1117 4220 1442 4277 Eleutheras
1481 4222 1685 4276 ducens
1725 4221 1819 4288 (cf.
1859 4221 2107 4276 Bursian.
2147 4221 2181 4275 l.
2221 4237 2268 4278 c.
2306 4237 2361 4291 p.
2398 4220 2525 4287 331)
2578 4222 2633 4274 et
2664 4217 2882 4286 longior

759 4293 1057 4420 &meam
1088 4309 1285 4423 Opfroge
1340 4293 1620 4418 regioxliem
1675 4292 2073 4421 Maggghoniam
2128 4293 2446 4367 Aphidnas,
2513 4288 2881 4366 Sphendalam

858 4381 1016 4437 gens,
1162 4407 1173 4420 .
1265 4380 1466 4419 urs‘an.
1529 4408 1541 4423 .
1580 4381 1629 4419 c.
1667 4382 1704 4437 p
1899 4380 1980 4436 sq.
2059 4426 2073 4446 O
