3169 5038
1726 431 1810 489 20

697 636 1059 704 Thriasium
1143 655 1464 721 campum,
1534 638 1859 704 Nauckius
1921 637 2265 704 Geraniam
2335 643 2611 705 montem
2673 640 2824 706 sub—

695 725 1200 807 intelligendum
1246 728 1595 810 proposuit.
2303 753 2314 766 ·

871 812 1188 897 Equidem
1226 816 1364 898 Jam
1411 834 1611 898 supra
1657 817 2189 883 demonstravisse
2224 817 2378 882 mihi
2411 819 2585 883 visus
2632 836 2823 898 quana

698 903 1053 984 probabilis
1098 905 1485 974 scholiastae
1530 905 1873 988 explicatio
1916 911 2109 983 esset,
2156 910 2222 970 et
2266 905 2385 973 hoc
2429 905 2566 972 loco
2609 906 2826 974 verbis

698 994 834 1075 ejus
889 993 1083 1060 fidem
1147 993 1510 1059 habendam
1577 1014 1715 1061 esse
1771 1000 1947 1077 puto.
2050 995 2260 1075 Quam
2320 991 2587 1077 profert,
2636 996 2825 1060 λείαν

701 1082 982 1164 πέτραν,
1031 1101 1227 1164 quum
1258 1082 1368 1147 ubi
1399 1083 1524 1148 sita
1554 1083 1771 1165 fuerit,
1816 1101 2079 1166 prorsus
2126 1083 2284 1149 nihil
2327 1102 2444 1165 pro
2491 1084 2826 1166 explorato
2921 1090 2927 1095 ’

700 1168 1067 1251 habeamuS,
1114 1172 1633 1254 praetermittere
1681 1172 1919 1252 debe03
1978 1171 2056 1237 de
2104 1173 2369 1254 Aegalei
2413 1173 2646 1239 montis
2693 1172 2822 1239 situ

698 1265 914 1325 autem
963 1260 1345 1326 dissentiunt
1395 1261 1515 1326 viri
1560 1261 1751 1328 docti.
1852 1261 1930 1327 In
1987 1261 2367 1329 occidentali
2426 1261 2509 1327 ab
2544 1261 2825 1328 Athenis

696 1349 957 1430 regione
1011 1369 1051 1414 a
1095 1350 1372 1416 Parnete
1431 1351 1766 1417 meridiem
1826 1356 1892 1416 et
1950 1350 2342 1417 occidentem
2399 1367 2623 1416 versus
2666 1351 2827 1417 satis

698 1437 885 1518 longo
947 1443 1159 1505 tractu
1214 1456 1394 1505 mons
1450 1440 1835 1521 porrigitur,
1904 1441 2008 1507 cui
2063 1438 2349 1527 Thucyd.
2403 1440 2484 1515 11,
2558 1446 2633 1505 19
2683 1439 2824 1514 toti,

698 1526 1006 1593 Herodot.
1054 1532 1268 1593 autem
1316 1528 1522 1613 (VIII,
1572 1535 1683 1609 90)
1741 1548 1823 1596 ex
1878 1535 2067 1611 parte
2123 1528 2528 1595 meridionali
2574 1534 2824 1595 tantum

702 1616 969 1696 Aegalei
1015 1635 1246 1682 nomen
1289 1616 1485 1682 fuisse
1530 1624 1774 1684 narrat.
1885 1619 2236 1700 Propterea
2279 1618 2625 1700 Kiepertus
2670 1636 2826 1699 quo-

700 1722 823 1784 que
880 1709 1082 1771 totum
1151 1704 1337 1771 illum
1405 1712 1683 1773 montem
1752 1708 1817 1773 in
1878 1715 2011 1774 tres
2071 1711 2289 1788 partes
2358 1707 2603 1787 divisit,
2669 1725 2827 1788 qua-

701 1812 846 1859 rum
891 1793 1294 1861 meridionali
1325 1796 1611 1877 Aegalei,
1658 1796 1910 1863 mediae
1945 1795 2292 1879 Corydalli‚
2340 1795 2827 1878 septentrionali

699 1888 920 1950 autem
980 1883 1218 1950 Poecili
1280 1902 1506 1950 nomen
1562 1885 1879 1951 attribuit.
1997 1884 2239 1951 Contra
2296 1884 2454 1951 haec
2512 1884 2825 1961 conferaS,

701 1990 867 2053 quae
912 1973 1206 2039 Bursian.
1254 1990 1469 2054 geogr.
1519 1992 1618 2056 gr.
1665 1993 1727 2058 p.
1782 1979 1909 2041 253
1959 1972 2202 2040 docuit:
2251 1973 2424 2053 „Der
2470 1970 2831 2039 Gesammt-

704 2081 891 2128 name
939 2060 1274 2129 desselben
1337 2065 1449 2149 (sc.
1501 2064 1702 2129 totius
1748 2064 2000 2143 montiS,
2062 2063 2172 2145 qui
2228 2082 2270 2129 a
2313 2063 2592 2129 Parnete
2637 2062 2827 2129 meri—

706 2150 877 2217 diem
925 2157 993 2216 et
1037 2150 1429 2218 occidentem
1459 2170 1682 2218 versus
1713 2153 2095 2235 porrigitur)
2142 2147 2458 2219 scheint‘
2419 2176 2454 2215 ο
2486 2145 2830 2239 Αἰγαλεω

704 2258 997 2324 gewesen
1041 2260 1124 2307 zu
1170 2241 1337 2321 sein3
1393 2241 1510 2306 der
1555 2241 2061 2308 sudwestlichste
2110 2240 2293 2306 Theil
2336 2240 2576 2318 warde,
2623 2239 2829 2306 wahr-

703 2328 1046 2397 scheinlich
1093 2329 1181 2394 im
1226 2291 1699 2412 Vo’lksmunde,
1753 2331 1916 2398 nach
1975 2331 2119 2396 dem
2176 2348 2261 2395 an
2307 2328 2675 2396 demselben
2722 2346 2828 2411 ge·

705 2417 976 2501 legenen
1005 2419 1244 2484 Demos
1289 2419 1456 2485 auch
1503 2414 1542 2484 ὅ
1573 2421 1652 2486 K
1647 2414 2016 2502 οουδαλλος
2051 2426 2353 2499 genennt,
2403 2419 2521 2485 der
2547 2419 2832 2485 mittlere

706 2507 909 2588 Theil,
958 2506 1160 2574 durch
1207 2508 1486 2576 welchen
1537 2509 1642 2576 die
1687 2508 1921 2593 heilige
1954 2508 2211 2576 Strasse
2256 2528 2381 2575 von
2405 2508 2620 2576 Athen
2665 2504 2830 2575 nach

704 2598 956 2664 Eleusis
1022 2597 1267 2678 fiihrte,
1344 2597 1524 2664 hatte
1593 2599 1718 2665 den
1785 2598 2033 2665 Namen
2104 2591 2187 2663 vo*
2259 2598 2592 2664 Ποικίλον
2655 2593 2830 2682 ὅρος

711 2686 809 2754 Cf.
871 2687 1066 2753 etiam
1123 2686 1413 2768 Kiepert.
1468 2688 1583 2761 atl.
1641 2707 1781 2754 nov.
1841 2688 2132 2754 Helladis
2194 2684 2325 2754 tab.
2370 2686 2429 2753 V
2473 2691 2543 2752 et
2586 2685 2832 2753 Statius

716 2777 913 2842 Theb.
963 2775 1112 2855 XII,
1177 2778 1324 2841 620.
1397 2775 1633 2843 Strabo
1686 2796 1749 2859 p.
1798 2781 1946 2845 395.
2017 2776 2250 2843 Athen.
2299 2776 2413 2857 IX,
2468 2795 2531 2858 p.
2583 2774 2831 2841 390‘A.

714 2866 906 2933 Diod.
951 2864 1064 2946 IV,
1112 2871 1217 2933 59.
1289 2864 1562 2932 Pausan.
1607 2867 1661 2941 I,
1711 2871 1815 2946 37,
1868 2873 1922 2932 7.
2025 2865 2412 2932 Monendum
2474 2864 2670 2932 etiam
2715 2868 2832 2939 est,

715 2975 756 3021 a
786 2955 1024 3021 Leakin
1070 2955 1213 3021 viae
1260 2954 1530 3021 Athenis
1572 2955 1658 3023 ad
1704 2956 1940 3023 littoris
1987 2955 2193 3023 locum
2238 2972 2439 3036 prope
2482 2960 2832 3021 extremam
2885 3038 2892 3043 ⁴

710 3043 976 3126 Aegalei
1021 3048 1274 3126 partem
1319 3044 1532 3124 situm,
1582 3045 1751 3111 unde
1782 3044 2068 3112 homines
2099 3045 2167 3111 in
2199 3043 2527 3110 Salamina
2556 3042 2831 3109 insulam

710 3133 1039 3201 transvehi
1083 3137 1374 3216 possent,
1434 3134 1739 3215 reliquias
1795 3134 1970 3200 haud
2029 3132 2369 3200 dissimiles
2423 3133 2564 3197 viae
2610 3149 2833 3199 sacrae

713 3225 1006 3289 inventas
1068 3240 1207 3288 esse
1263 3230 1809 3290 commemoratas.
1913 3223 2059 3302 Qua
2108 3222 2215 3287 via
2268 3221 2324 3287 si
2371 3218 2659 3287 Thebani
2703 3227 2828 3300 trae

707 3312 949 3394 jectum
996 3311 1172 3377 illum
1220 3312 1497 3378 assecuti
1530 3313 1795 3394 Aegalei
1840 3319 2193 3378 extremam
2224 3314 2476 3392 partem
2507 3309 2832 3377 circumie-

710 3402 847 3469 rint
874 3398 1070 3483 'atque
1102 3399 1334 3467 deinde
1363 3406 1590 3468 rursu's
1617 3402 1785 3468 viam
1817 3419 2069 3468 sacram
2097 3400 2185 3466 ad
2215 3398 2400 3466 littus
2429 3399 2831 3466 accedentem

709 3490 1078 3572 petiverint,
1120 3489 1426 3572 perfacile
1471 3490 1895 3558 Athenienses
1950 3494 2402 3572 persecuturos
2454 3487 2682 3556 fallere
2728 3504 2805 3569 po

712 3583 945 3646 terant.
1047 3579 1278 3660 Itaque
1333 3578 1499 3648 hanc
1555 3579 1727 3648 viam
1795 3585 2074 3663 poetam
2112 3578 2178 3644 in
2238 3578 2450 3646 animo
2512 3577 2831 3653 habuisse,

711 3687 906 3750 quum
962 3668 1208 3735 diceret
1262 3660 1392 3735 τόν
1448 3668 1827 3754 ἐφέσπερον
1896 3668 2150 3752 πέτρας
2215 3663 2505 3753 νιφάδος
2572 3658 2828 3742 πελῶςξ

707 3757 1238 3838 existimaverim
1284 3776 1432 3824 nam
1466 3759 1601 3825 sive
1630 3759 1949 3841 Aegaleus
1992 3774 2188 3832 mons,
2232 3757 2365 3823 sive
2410 3754 2551 3822 λεία
2596 3753 2831 3838 πέτρα,

713 3849 848 3917 sive
909 3847 1073 3914 alius
1131 3865 1311 3913 mons
1367 3846 1582 3914 verbis
1645 3850 1734 3914 πέ
1742 3873 1865 3934 voa
1933 3869 2142 3930 vespas
2197 3844 2651 3928 intelligendus
2710 3848 2808 3909 est

712 3937 950 4019 optime
1009 3936 1170 4003 haec
1237 3936 1598 4018 explicandi
1661 3939 1831 4004 ratio
1898 3953 2041 4002 cum
2105 3953 2322 4001 rerum
2389 3938 2628 4000 natura
2690 3949 2831 3999 con-

714 4029 933 4094 venire
980 4025 1135 4092 mihi
1170 4025 1441 4092 videtur.
1518 4027 1701 4105 Quod
1734 4027 1790 4092 si
1823 4031 2039 4091 autem
2069 4031 2245 4092 recte
2277 4021 2490 4090 verbis
2521 4020 2833 4093 Πυθιάι

714 4110 839 4182 «Iar
845 4126 950 4191 αῖς
975 4115 1375 4183 Marathonis
1420 4116 1599 4197 regio
1645 4116 2144 4221 septentrionem
2181 4119 2246 4179 et
2273 4111 2582 4180 orientem
2614 4127 2832 4177 versus

711 4203 1044 4272 aColono
1113 4205 1257 4285 sita,
1325 4209 1394 4269 et
1457 4205 1672 4271 verbis
1740 4197 2098 4291 λαμπάσιν
2168 4195 2403 4275 <iuvate
2455 4200 2706 4268 Eleusis
2768 4200 2830 4264 in

711 4294 1200 4378 septentrionali
1269 4301 1336 4361 et
1390 4293 1769 4362 occidentali
1829 4297 2017 4375 parte
2075 4292 2573 4369 demonstratur,
2635 4305 2833 4355 causa
