3169 5038
1374 434 1451 497 21

1200 523 1621 558 ...,-Γ...-...

352 666 468 715 cur
510 652 703 729 poeta
747 645 1007 710 tertiam
1069 642 1234 710 viam
1294 644 1533 710 circum
1583 644 1931 726 Aegaleum
1977 650 2284 723 montem,
2347 663 2472 727 qua

353 738 690 804 Thebanos
759 751 905 799 usos
975 750 1111 798 esse
1180 734 1619 814 suspicaretur
1685 734 1949 811 choruS,
2019 734 2348 801 meridiem
2408 744 2473 800 et

351 827 745 894 occidentem
815 840 1037 888 versus
1105 823 1296 887 situm
1368 823 1638 902 dixerit,
1709 828 1920 904 patet:
2016 831 2472 891 enumerantur

351 917 521 982 enim
567 933 683 980 eae
732 919 863 978 tres
904 930 987 976 ex
1022 916 1325 992 quattuor
1357 912 1637 993 regionis
1668 911 1982 994 partibus,
2028 931 2297 994 quarum
2343 932 2470 979 una

352 1004 435 1071 ab
481 1006 597 1085 iis,
656 1003 765 1084 qui
812 1001 1096 1067 Athenas
1157 999 1439 1082 effugere
1491 1002 1733 1066 vellent
1775 1000 2047 1081 Thebae,
2094 1002 2227 1068 sive
2274 1003 2473 1069 deviis

349 1095 449 1161 illi
495 1093 635 1158 sive
681 1096 859 1157 recta
904 1087 1272 1168 utebantur,
1318 1090 1598 1172 petenda
1642 1096 1802 1156 erat.
1911 1090 2046 1156 Hoc
2106 1097 2321 1159 tamen
2367 1093 2470 1156 vix

355 1182 630 1249 discerni
666 1179 884 1262 possit,
922 1197 1072 1244 num
1105 1180 1252 1261 jure
1276 1179 1671 1246 Meineckius
1699 1178 1901 1245 verba
1924 1181 2179 1263 πέτρας
2204 1178 2472 1269 laffidot-

348 1290 592 1339 summo
662 1276 736 1335 ut
800 1269 965 1335 solet
1036 1268 1273 1350 ingenii
1343 1269 1635 1334 acumine
1704 1269 1964 1333 iuventa
2031 1288 2146 1351 pro
2218 1272 2470 1353 πέτρας

356 1355 642 1444 νιφάδος
710 1359 775 1423 in
847 1363 1097 1424 textum
1162 1357 1529 1439 recipienda
1600 1375 1744 1421 esse
1816 1359 2154 1424 censuerit.
2263 1362 2468 1426 Aliam

348 1450 523 1517 haud
574 1449 776 1528 magis
819 1444 1216 1529 probabilem
1276 1445 1545 1527 protulit
1591 1446 1998 1525 Musgravius
2044 1451 2468 1532 conjecturam

353 1540 612 1623 nimae.-
689 1532 1016 1612 νιφάδας,
1093 1553 1220 1616 qua
1288 1534 1737 1601 Cithaeronem
1806 1542 2081 1602 montem
2154 1539 2471 1621 designari

355 1627 543 1693 docet
602 1624 809 1691 fretus
860 1624 1017 1690 Eur.
1065 1625 1298 1691 Bacch.
1354 1642 1411 1688 v.
1463 1630 1610 1690 660.
1668 1624 2069 1706 Hartungius
2126 1633 2197 1692 ἐκ
2252 1634 2475 1714 νομοί·

348 1715 686 1798 proposuit
739 1716 834 1788 εἰς
893 1708 1142 1801 νομόν,
1205 1713 1527 1780 Nauckius
1567 1731 1686 1796 pro
1741 1706 2064 1787 Οἰάηδος
2117 1716 2312 1784 scribi
2368 1737 2472 1783 vo-
2559 1762 2599 1789 „

345 1806 471 1871 luit
520 1796 911 1876 Oae'miudoc.

529 1893 764 1958 Forma
812 1892 1057 1959 πελώσι
1107 1911 1222 1974 pro
1268 1891 1488 1968 futuro
1536 1893 1770 1972 Attico,
1819 1896 1987 1979 quod
2034 1903 2281 1976 vocant,
2348 1916 2468 1961 non

349 2001 470 2067 pro
502 1981 832 2065 praesenti
861 1983 1229 2064 saepissime
1261 2001 1301 2046 a
1330 1982 1540 2062 poetis
1572 1982 1837 2062 tragicis
1869 1986 2246 2067 comicisque
2292 2004 2471 2054 usur-

352 2078 508 2155 pata
552 2076 671 2136 est.
768 2069 860 2139 Of.
909 2069 1231 2153 Aristoph.
1283 2068 1432 2135 nub.
1480 2089 1537 2136 v.
1594 2074 1737 2136 123.
1790 2075 1977 2149 ἐξελῶ
2039 2075 2194 2140 Eur.
2245 2075 2471 2142 Bacch.

352 2182 411 2228 v,
491 2159 675 2227 1332.
747 2158 918 2224 Med.
985 2179 1045 2225 v.
1113 2164 1260 2227 326.
1346 2158 1535 2243 Soph.
1608 2160 1707 2242 Aj.
1766 2169 1891 2230 505
1958 2165 2283 2246 multaque
2350 2165 2476 2231 alia

354 2250 651 2332 exempla
694 2263 860 2330 quae
907 2266 1248 2315 enumerae
1293 2249 1553 2330 longum
1601 2256 1702 2315 est
1728 2253 1790 2332 ¹).
1870 2253 2051 2320 Idem
2081 2254 2347 2319 verbum
2383 2254 2475 2320 in-

352 2343 609 2406 venitur
668 2338 757 2405 in·
798 2338 990 2420 soph.
1046 2337 1209 2405 Phil.
1270 2358 1328 2403 v.
1383 2344 1571 2405 1150.
1635 2339 1733 2405 ΕΙ.
1793 2361 1851 2406 v.
1901 2347 2029 2409 497
2093 2343 2177 2409 al.
2293 2344 2474 2422 Quod

354 2429 684 2496 Naucki‘us
741 2421 983 2493 mma?
1028 2428 1301 2492 mutavit
1344 2430 1412 2493 in
1468 2423 1708 2510 περώσ’
1753 2431 1996 2497 scilicet
2039 2430 2366 2498 offendens
2412 2433 2473 2497 in

350 2517 714 2587 accusativo
759 2533 1031 2598 quocum
1077 2518 1490 2598 construitur,
1538 2536 1665 2582 non
1711 2537 1870 2602 opus
1904 2526 2049 2586 erat
2079 2523 2476 2603 conjectura3

353 2602 671 2688 πελάζειν
702 2624 847 2673 cum
877 2608 1240 2674 accusativo
1273 2608 1677 2691 conjunctum
1712 2608 2034 2676 invenitur
2066 2612 2132 2676 in
2163 2612 2321 2680 Eur.
2348 2612 2474 2678 An-

354 2697 556 2766 drom.
604 2714 663 2761 V.
712 2701 878 2761 1108
927 2703 1035 2761 καὶ
1082 2691 1230 2782 ,cmiv
1276 2691 1376 2763 ὅδ’
1422 2693 1591 2771 ἄναξ
1634 2692 1768 2782 ἤδη
1803 2696 2113 2784 φοράδην
2143 2699 2476 2785 Δελφίδος

352 2792 421 2851 ἐκ
470 2787 593 2873 γῆς
642 2784 837 2870 δῶμα
885 2780 1181 2864 πελάζει.
1269 2787 1459 2852 RheS.
1496 2806 1552 2851 v.
1596 2791 1674 2850 13
1722 2788 1905 2860 τίνες
1952 2793 2020 2853 ἐκ
2058 2791 2323 2854 νυκτῶν
2354 2784 2476 2859 τιὲς

353 2869 691 3029 ῗζῗιετῂρας
716 2869 1387 3029 ᾖιοίταὲὃπλάθουςξ
1449 2874 1640 2956 Soph.
1688 2873 1847 2941 Oed.
1895 2877 1972 2942 R.
2028 2881 2233 2957 1134;
2304 2877 2474 2943 simi-

379 2981 504 3030 ler
603 2980 716 3030 rac
765 3011 779 3025 .
826 2981 884 3028 v.
1027 3013 1041 3027 .

529 3052 633 3118 Ad
677 3044 1194 3137 ῥιμφαρμάτοις
1239 3056 1415 3118 recte
1460 3052 1797 3120 adnotavit
1842 3056 2239 3122 Wunderus:
2291 3057 2372 3135 „i.
2422 3077 2471 3122 e.

354 3136 651 3225 ἁμίλλαις
698 3133 1029 3226 danabrum
1074 3137 1296 3224 ῥίμφα
1344 3134 1810 3228 φευγόντων.“
1900 3145 2476 3227 Frequentissimus

351 3228 523 3296 enim
565 3228 669 3296 hic
713 3245 866 3294 usus
911 3234 1014 3294 est
1056 3233 1422 3310 poetarum,
1483 3248 1607 3312 quo
1663 3232 2049 3315 adJectivum
2106 3255 2187 3302 ex
2233 3236 2477 3301 duobus

353 3315 682 3386 vocabulis
727 3319 1142 3400 compositum
1188 3325 1540 3402 usurpatur
1587 3337 1709 3386 non
1766 3323 1969 3390 solum
2033 3343 2150 3405 pro
2195 3324 2473 3405 genitivo

357 3407 627 3475 duorum
673 3405 1250 3481 substantivorum,
1312 3409 1427 3474 sed
1473 3410 1674 3476 etiam
1718 3429 1835 3492 pro
1881 3413 2284 3479 substantivo
2331 3432 2471 3480 cum

355 3497 670 3582 adjectivo
717 3497 818 3563 vel
865 3497 1207 3581 participio
1253 3499 1606 3582 conjuncto.
1703 3499 1807 3568 Sic
1851 3503 1921 3568 in
1962 3502 2177 3584 Antig.
2208 3521 2267 3568 v.
2303 3505 2469 3568 1022

358 3579 852 3670 ἄνδρόφθορον
896 3583 1070 3672 αἷμα
1127 3605 1247 3669 pro
1302 3584 1476 3674 αἷμα
1537 3582 1806 3671 ἀνδρῶν
1851 3593 2283 3677 φθαρέντων.
2379 3591 2473 3658 Cf.

356 3675 549 3742 etiam
580 3673 735 3741 Eur.
773 3673 884 3740 Or.
919 3694 978 3743 v.
1008 3680 1156 3744 833.
1192 3696 1251 3744 v.
1283 3682 1471 3745 1683.
1563 3677 1667 3742 Ita
1698 3674 2176 3765 ῥιμφᾶρματοι
2211 3674 2470 3762 οἷμίλλαι

354 3764 719 3843 significant
761 3765 1115 3832 certamina
1159 3785 1463 3832 curruum
1509 3766 1794 3834 facilium
1840 3769 1882 3836 i.
1915 3788 1971 3836 e.
2008 3768 2196 3835 facile
2226 3768 2466 3850 fugien-

356 3851 536 3917 tium.
632 3853 796 3919 Item
854 3851 924 3916 in
969 3850 1151 3918 Pind.
1206 3854 1304 3921 Ol.
1352 3854 1471 3936 ΙΙΙ,
1531 3860 1616 3921 37
1673 3851 2172 3943 ῥιμφαρμάτου
2228 3857 2473 3944 διφρη-

356 3940 578 4012 λασίας
635 3941 963 4027 invenitur
987 3942 1064 4022 2).
1168 3943 1402 4010 Notum
1460 3950 1679 4011 autem
1727 3953 1857 4027 est,
1916 3946 2169 4012 Thebas
2213 3953 2476 4032 propter

355 4043 582 4095 currus
659 4029 896 4097 ibidem
979 4031 1271 4099 inventos
1347 4028 1597 4123 Θήβην
1679 4028 2081 4111 πλάξιππον
2158 4038 2226 4103 in
2290 4036 2472 4104 Pind.

503 4242 545 4310 ¹)
583 4242 667 4300 cf.
705 4244 939 4300 Curtius.
981 4261 1207 4315 gramm.
1245 4264 1325 4317 gr.
1364 4250 1393 4315 ξ
1429 4247 1550 4303 263.
1627 4245 1911 4303 Matthiae.
1947 4249 1984 4307 l.
2021 4266 2067 4306 c.
2105 4249 2146 4312 1,
2185 4265 2237 4319 p.
2274 4249 2397 4306 403.

498 4313 543 4383 ⁸)
582 4315 667 4371 Cf.
709 4316 940 4372 Boeckh.
981 4317 1261 4388 explicutt.
1300 4318 1368 4372 ad
1405 4317 1566 4372 Pind.
1607 4336 1659 4390 p.
1705 4319 1818 4373 140.
