<?xml version="1.0" encoding="UTF-8"?>
<!DOCTYPE html PUBLIC "-//W3C//DTD XHTML 1.0 Transitional//EN"
    "http://www.w3.org/TR/xhtml1/DTD/xhtml1-transitional.dtd">
<html xmlns="http://www.w3.org/1999/xhtml" xml:lang="en" lang="en">
 <head>
  <title>
</title>
<meta http-equiv="Content-Type" content="text/html;charset=utf-8" />
  <meta name='ocr-system' content='tesseract 3.04.00' />
  <meta name='ocr-capabilities' content='ocr_page ocr_carea ocr_par ocr_line ocrx_word'/>
</head>
<body>
  <div class='ocr_page' id='page_1' title='image "./desophoedipcolo00sommgoog_0014.png"; bbox 0 0 3169 5038; ppageno 0'>
   <div class='ocr_carea' id='block_1_1' title="bbox 1766 508 1807 580">
    <p class='ocr_par' dir='ltr' id='par_1_1' title="bbox 1766 508 1807 580">
     <span class='ocr_line' id='line_1_1' title="bbox 1766 508 1807 580; baseline 0 0"><span class='ocrx_word' id='word_1_1' title='bbox 1766 508 1807 580; x_wconf 72' lang='grc' dir='ltr'><strong>Β</strong></span> 
     </span>
    </p>
   </div>
   <div class='ocr_carea' id='block_1_2' title="bbox 1577 604 1997 615">
    <p class='ocr_par' dir='ltr' id='par_1_2' title="bbox 1577 604 1997 615">
     <span class='ocr_line' id='line_1_2' title="bbox 1577 604 1997 615; baseline 0 0"><span class='ocrx_word' id='word_1_2' title='bbox 1577 604 1997 615; x_wconf 95' lang='lat' dir='ltr'><strong> </strong></span> 
     </span>
    </p>
   </div>
   <div class='ocr_carea' id='block_1_3' title="bbox 717 712 2876 809">
    <p class='ocr_par' dir='ltr' id='par_1_3' title="bbox 717 712 2876 809">
     <span class='ocr_line' id='line_1_3' title="bbox 717 712 2876 809; baseline 0.001 -16"><span class='ocrx_word' id='word_1_3' title='bbox 717 727 943 794; x_wconf 86' lang='lat' dir='ltr'><strong>urbem</strong></span> <span class='ocrx_word' id='word_1_4' title='bbox 996 724 1175 794; x_wconf 87' lang='lat' dir='ltr'><strong>illam</strong></span> <span class='ocrx_word' id='word_1_5' title='bbox 1235 726 1458 809; x_wconf 82' lang='lat' dir='ltr'><strong>ipsam,</strong></span> <span class='ocrx_word' id='word_1_6' title='bbox 1528 729 1644 794; x_wconf 92' lang='lat' dir='ltr'><strong>sed</strong></span> <span class='ocrx_word' id='word_1_7' title='bbox 1707 728 1905 795; x_wconf 90' lang='lat' dir='ltr'><strong>etiam</strong></span> <span class='ocrx_word' id='word_1_8' title='bbox 1959 732 2163 794; x_wconf 88' lang='lat' dir='ltr'><strong>totam</strong></span> <span class='ocrx_word' id='word_1_9' title='bbox 2229 712 2578 809; x_wconf 83' lang='lat' dir='ltr'><strong>tetrapolin</strong></span> <span class='ocrx_word' id='word_1_10' title='bbox 2649 717 2876 795; x_wconf 62' lang='lat' dir='ltr'><strong>urbes</strong></span> 
     </span>
    </p>
   </div>
   <div class='ocr_carea' id='block_1_4' title="bbox 713 814 2867 3498">
    <p class='ocr_par' dir='ltr' id='par_1_4' title="bbox 715 814 2867 1615">
     <span class='ocr_line' id='line_1_4' title="bbox 717 814 2865 906; baseline 0 -23"><span class='ocrx_word' id='word_1_11' title='bbox 717 814 1199 897; x_wconf 82' lang='lat' dir='ltr'><strong>Marathonem,</strong></span> <span class='ocrx_word' id='word_1_12' title='bbox 1260 817 1744 906; x_wconf 86' lang='lat' dir='ltr'><strong>Tricorythum‚</strong></span> <span class='ocrx_word' id='word_1_13' title='bbox 1813 816 2300 885; x_wconf 89' lang='lat' dir='ltr'><strong>Probalinthum</strong></span> <span class='ocrx_word' id='word_1_14' title='bbox 2369 816 2630 884; x_wconf 87' lang='lat' dir='ltr'><strong>Oenoen</strong></span> <span class='ocrx_word' id='word_1_15' title='bbox 2703 837 2865 885; x_wconf 88' lang='lat' dir='ltr'><strong>con·</strong></span> 
     </span>
     <span class='ocr_line' id='line_1_5' title="bbox 716 902 2864 989; baseline 0.001 -18"><span class='ocrx_word' id='word_1_16' title='bbox 716 908 1026 973; x_wconf 89' lang='lat' dir='ltr'><strong>tinentem</strong></span> <span class='ocrx_word' id='word_1_17' title='bbox 1075 927 1115 973; x_wconf 91' lang='lat' dir='ltr'><strong>a</strong></span> <span class='ocrx_word' id='word_1_18' title='bbox 1160 905 1486 973; x_wconf 88' lang='lat' dir='ltr'><strong>veteribus</strong></span> <span class='ocrx_word' id='word_1_19' title='bbox 1532 907 1684 973; x_wconf 90' lang='lat' dir='ltr'><strong>inde</strong></span> <span class='ocrx_word' id='word_1_20' title='bbox 1730 927 1813 973; x_wconf 87' lang='lat' dir='ltr'><strong>ex</strong></span> <span class='ocrx_word' id='word_1_21' title='bbox 1859 905 2172 977; x_wconf 85' lang='lat' dir='ltr'><strong>Herodoti</strong></span> <span class='ocrx_word' id='word_1_22' title='bbox 2219 910 2506 989; x_wconf 87' lang='lat' dir='ltr'><strong>tempore</strong></span> <span class='ocrx_word' id='word_1_23' title='bbox 2554 902 2638 973; x_wconf 76' lang='lat' dir='ltr'><strong>ad</strong></span> <span class='ocrx_word' id='word_1_24' title='bbox 2677 905 2864 974; x_wconf 91' lang='lat' dir='ltr'><strong>Pau-</strong></span> 
     </span>
     <span class='ocr_line' id='line_1_6' title="bbox 715 992 2866 1082; baseline 0.001 -21"><span class='ocrx_word' id='word_1_25' title='bbox 715 997 963 1062; x_wconf 88' lang='lat' dir='ltr'><strong>saniam</strong></span> <span class='ocrx_word' id='word_1_26' title='bbox 1012 992 1411 1077; x_wconf 82' lang='lat' dir='ltr'>designatam</span> <span class='ocrx_word' id='word_1_27' title='bbox 1460 1014 1600 1062; x_wconf 91' lang='lat' dir='ltr'><strong>esse</strong></span> <span class='ocrx_word' id='word_1_28' title='bbox 1616 997 1688 1082; x_wconf 82' lang='grc'><strong>1).</strong></span> <span class='ocrx_word' id='word_1_29' title='bbox 1785 995 1980 1078; x_wconf 86' lang='lat' dir='ltr'><strong>Cujus</strong></span> <span class='ocrx_word' id='word_1_30' title='bbox 2025 996 2122 1062; x_wconf 90' lang='lat' dir='ltr'><strong>rei</strong></span> <span class='ocrx_word' id='word_1_31' title='bbox 2162 1002 2434 1077; x_wconf 89' lang='lat' dir='ltr'><strong>uterque</strong></span> <span class='ocrx_word' id='word_1_32' title='bbox 2471 996 2866 1064; x_wconf 83' lang='lat' dir='ltr'><strong>scholiastes</strong></span> 
     </span>
     <span class='ocr_line' id='line_1_7' title="bbox 718 1084 2867 1169; baseline -0 -17"><span class='ocrx_word' id='word_1_33' title='bbox 718 1094 895 1153; x_wconf 90' lang='lat' dir='ltr'><strong>certe</strong></span> <span class='ocrx_word' id='word_1_34' title='bbox 955 1084 1127 1151; x_wconf 90' lang='lat' dir='ltr'><strong>haud</strong></span> <span class='ocrx_word' id='word_1_35' title='bbox 1192 1085 1316 1151; x_wconf 87' lang='lat' dir='ltr'><strong>fuit</strong></span> <span class='ocrx_word' id='word_1_36' title='bbox 1374 1087 1674 1167; x_wconf 80' lang='lat' dir='ltr'><strong>ignarus3</strong></span> <span class='ocrx_word' id='word_1_37' title='bbox 1744 1086 1961 1167; x_wconf 87' lang='lat' dir='ltr'><strong>itaque</strong></span> <span class='ocrx_word' id='word_1_38' title='bbox 2015 1085 2235 1169; x_wconf 87' lang='lat' dir='ltr'><strong>Pythii</strong></span> <span class='ocrx_word' id='word_1_39' title='bbox 2292 1085 2604 1168; x_wconf 86' lang='lat' dir='ltr'><strong>Apollinis</strong></span> <span class='ocrx_word' id='word_1_40' title='bbox 2661 1104 2867 1153; x_wconf 85' lang='lat' dir='ltr'><strong>aram</strong></span> 
     </span>
     <span class='ocr_line' id='line_1_8' title="bbox 720 1173 2866 1256; baseline 0.001 -16"><span class='ocrx_word' id='word_1_41' title='bbox 720 1193 846 1240; x_wconf 92' lang='lat' dir='ltr'><strong>non</strong></span> <span class='ocrx_word' id='word_1_42' title='bbox 905 1174 971 1240; x_wconf 92' lang='lat' dir='ltr'><strong>in</strong></span> <span class='ocrx_word' id='word_1_43' title='bbox 1031 1173 1190 1241; x_wconf 90' lang='lat' dir='ltr'><strong>urbe</strong></span> <span class='ocrx_word' id='word_1_44' title='bbox 1238 1174 1620 1242; x_wconf 79' lang='lat' dir='ltr'><strong>Marathone</strong></span> <span class='ocrx_word' id='word_1_45' title='bbox 1675 1175 1789 1243; x_wconf 91' lang='lat' dir='ltr'><strong>sed</strong></span> <span class='ocrx_word' id='word_1_46' title='bbox 1846 1175 1910 1240; x_wconf 92' lang='lat' dir='ltr'><strong>in</strong></span> <span class='ocrx_word' id='word_1_47' title='bbox 1972 1179 2167 1243; x_wconf 89' lang='lat' dir='ltr'><strong>totius</strong></span> <span class='ocrx_word' id='word_1_48' title='bbox 2211 1175 2519 1256; x_wconf 84' lang='lat' dir='ltr'><strong>regionis,</strong></span> <span class='ocrx_word' id='word_1_49' title='bbox 2577 1176 2683 1242; x_wconf 88' lang='lat' dir='ltr'><strong>cui</strong></span> <span class='ocrx_word' id='word_1_50' title='bbox 2735 1176 2866 1244; x_wconf 87' lang='lat' dir='ltr'><strong>hoc</strong></span> 
     </span>
     <span class='ocr_line' id='line_1_9' title="bbox 720 1260 2866 1346; baseline 0.001 -16"><span class='ocrx_word' id='word_1_51' title='bbox 720 1282 947 1331; x_wconf 87' lang='lat' dir='ltr'><strong>nomen</strong></span> <span class='ocrx_word' id='word_1_52' title='bbox 993 1269 1170 1341; x_wconf 85' lang='lat' dir='ltr'><strong>erat,</strong></span> <span class='ocrx_word' id='word_1_53' title='bbox 1233 1264 1370 1331; x_wconf 90' lang='lat' dir='ltr'><strong>loco</strong></span> <span class='ocrx_word' id='word_1_54' title='bbox 1427 1264 1642 1346; x_wconf 87' lang='lat' dir='ltr'><strong>aliquo</strong></span> <span class='ocrx_word' id='word_1_55' title='bbox 1688 1265 1728 1331; x_wconf 87' lang='lat' dir='ltr'><strong>i.</strong></span> <span class='ocrx_word' id='word_1_56' title='bbox 1777 1282 1832 1333; x_wconf 90' lang='lat' dir='ltr'><strong>e.</strong></span> <span class='ocrx_word' id='word_1_57' title='bbox 1883 1260 2145 1333; x_wconf 88' lang='lat' dir='ltr'><strong>Oenoae</strong></span> <span class='ocrx_word' id='word_1_58' title='bbox 2189 1264 2385 1331; x_wconf 87' lang='lat' dir='ltr'><strong>fuisse</strong></span> <span class='ocrx_word' id='word_1_59' title='bbox 2432 1261 2602 1332; x_wconf 87' lang='lat' dir='ltr'><strong>dicit.</strong></span> <span class='ocrx_word' id='word_1_60' title='bbox 2700 1264 2866 1332; x_wconf 92' lang='lat' dir='ltr'><strong>Phi-</strong></span> 
     </span>
     <span class='ocr_line' id='line_1_10' title="bbox 722 1350 2865 1434; baseline 0.002 -17"><span class='ocrx_word' id='word_1_61' title='bbox 722 1353 1018 1420; x_wconf 91' lang='lat' dir='ltr'><strong>lochorus</strong></span> <span class='ocrx_word' id='word_1_62' title='bbox 1063 1350 1351 1434; x_wconf 86' lang='lat' dir='ltr'><strong>singulas</strong></span> <span class='ocrx_word' id='word_1_63' title='bbox 1400 1354 1768 1422; x_wconf 86' lang='lat' dir='ltr'><strong>discernens</strong></span> <span class='ocrx_word' id='word_1_64' title='bbox 1825 1353 2020 1421; x_wconf 91' lang='lat' dir='ltr'><strong>urbes</strong></span> <span class='ocrx_word' id='word_1_65' title='bbox 2078 1358 2145 1420; x_wconf 87' lang='lat' dir='ltr'><strong>et</strong></span> <span class='ocrx_word' id='word_1_66' title='bbox 2187 1354 2549 1422; x_wconf 84' lang='lat' dir='ltr'><strong>accuratius</strong></span> <span class='ocrx_word' id='word_1_67' title='bbox 2597 1352 2676 1420; x_wconf 89' lang='lat' dir='ltr'><strong>de</strong></span> <span class='ocrx_word' id='word_1_68' title='bbox 2730 1355 2865 1422; x_wconf 86' lang='lat' dir='ltr'><strong>hac</strong></span> 
     </span>
     <span class='ocr_line' id='line_1_11' title="bbox 720 1443 2865 1526; baseline 0.001 -17"><span class='ocrx_word' id='word_1_69' title='bbox 720 1462 792 1509; x_wconf 92' lang='lat' dir='ltr'><strong>re</strong></span> <span class='ocrx_word' id='word_1_70' title='bbox 849 1461 1047 1526; x_wconf 85' lang='lat' dir='ltr'><strong>agens</strong></span> <span class='ocrx_word' id='word_1_71' title='bbox 1092 1444 1318 1510; x_wconf 90' lang='lat' dir='ltr'><strong>urbem</strong></span> <span class='ocrx_word' id='word_1_72' title='bbox 1374 1444 1581 1526; x_wconf 83' lang='lat' dir='ltr'><strong>ipsam</strong></span> <span class='ocrx_word' id='word_1_73' title='bbox 1627 1443 2071 1511; x_wconf 82' lang='lat' dir='ltr'><strong>Marathonem</strong></span> <span class='ocrx_word' id='word_1_74' title='bbox 2132 1443 2319 1526; x_wconf 85' lang='lat' dir='ltr'><strong>dicit,</strong></span> <span class='ocrx_word' id='word_1_75' title='bbox 2378 1443 2439 1509; x_wconf 89' lang='lat' dir='ltr'><strong>in</strong></span> <span class='ocrx_word' id='word_1_76' title='bbox 2499 1461 2625 1525; x_wconf 91' lang='lat' dir='ltr'><strong>qua</strong></span> <span class='ocrx_word' id='word_1_77' title='bbox 2671 1443 2865 1513; x_wconf 90' lang='lat' dir='ltr'><strong>Delii</strong></span> 
     </span>
     <span class='ocr_line' id='line_1_12' title="bbox 721 1532 1783 1615; baseline 0 -16"><span class='ocrx_word' id='word_1_78' title='bbox 721 1532 1032 1615; x_wconf 85' lang='lat' dir='ltr'><strong>Apollinis</strong></span> <span class='ocrx_word' id='word_1_79' title='bbox 1078 1551 1196 1598; x_wconf 89' lang='lat' dir='ltr'><strong>ara</strong></span> <span class='ocrx_word' id='word_1_80' title='bbox 1241 1538 1571 1599; x_wconf 86' lang='lat' dir='ltr'><strong>exstructa</strong></span> <span class='ocrx_word' id='word_1_81' title='bbox 1619 1541 1783 1600; x_wconf 88' lang='lat' dir='ltr'><strong>erat.</strong></span> 
     </span>
    </p>

    <p class='ocr_par' dir='ltr' id='par_1_5' title="bbox 713 1618 2865 3142">
     <span class='ocr_line' id='line_1_13' title="bbox 892 1618 2863 1707; baseline 0.001 -22"><span class='ocrx_word' id='word_1_82' title='bbox 892 1618 1178 1697; x_wconf 76' lang='lat' dir='ltr'><strong>Intelligi</strong></span> <span class='ocrx_word' id='word_1_83' title='bbox 1224 1639 1471 1703; x_wconf 90' lang='lat' dir='ltr'><strong>quoque</strong></span> <span class='ocrx_word' id='word_1_84' title='bbox 1518 1643 1686 1690; x_wconf 91' lang='lat' dir='ltr'><strong>nunc</strong></span> <span class='ocrx_word' id='word_1_85' title='bbox 1731 1628 1929 1707; x_wconf 87' lang='lat' dir='ltr'><strong>potet,</strong></span> <span class='ocrx_word' id='word_1_86' title='bbox 1995 1640 2118 1704; x_wconf 87' lang='lat' dir='ltr'><strong>quo</strong></span> <span class='ocrx_word' id='word_1_87' title='bbox 2162 1622 2303 1705; x_wconf 86' lang='lat' dir='ltr'><strong>jure</strong></span> <span class='ocrx_word' id='word_1_88' title='bbox 2353 1621 2697 1704; x_wconf 85' lang='lat' dir='ltr'><strong>Sophocles</strong></span> <span class='ocrx_word' id='word_1_89' title='bbox 2749 1642 2863 1690; x_wconf 76' lang='lat' dir='ltr'><strong>re-</strong></span> 
     </span>
     <span class='ocr_line' id='line_1_14' title="bbox 717 1705 2865 1795; baseline 0.002 -19"><span class='ocrx_word' id='word_1_90' title='bbox 717 1712 969 1795; x_wconf 85' lang='lat' dir='ltr'><strong>gionem</strong></span> <span class='ocrx_word' id='word_1_91' title='bbox 1033 1711 1212 1777; x_wconf 89' lang='lat' dir='ltr'><strong>illam</strong></span> <span class='ocrx_word' id='word_1_92' title='bbox 1285 1706 1560 1779; x_wconf 72' lang='grc' dir='ltr'><strong><em>Πύθιαι</em></strong></span> <span class='ocrx_word' id='word_1_93' title='bbox 1632 1705 1831 1779; x_wconf 77' lang='grc' dir='ltr'><strong><em>οἷκταί</em></strong></span> <span class='ocrx_word' id='word_1_94' title='bbox 1900 1708 2339 1779; x_wconf 80' lang='lat' dir='ltr'><strong>nominaverit.</strong></span> <span class='ocrx_word' id='word_1_95' title='bbox 2457 1712 2865 1792; x_wconf 87' lang='lat' dir='ltr'><strong>Perquirere</strong></span> 
     </span>
     <span class='ocr_line' id='line_1_15' title="bbox 719 1800 2861 1884; baseline 0.001 -17"><span class='ocrx_word' id='word_1_96' title='bbox 719 1800 1168 1884; x_wconf 83' lang='lat' dir='ltr'><strong>supersedens,</strong></span> <span class='ocrx_word' id='word_1_97' title='bbox 1232 1805 1451 1867; x_wconf 85' lang='lat' dir='ltr'><strong>utrum</strong></span> <span class='ocrx_word' id='word_1_98' title='bbox 1499 1800 1974 1868; x_wconf 87' lang='lat' dir='ltr'><strong>Schoemannus</strong></span> <span class='ocrx_word' id='word_1_99' title='bbox 2020 1800 2334 1883; x_wconf 90' lang='lat' dir='ltr'><strong>Apollinis</strong></span> <span class='ocrx_word' id='word_1_100' title='bbox 2380 1802 2623 1867; x_wconf 89' lang='lat' dir='ltr'><strong>cultum</strong></span> <span class='ocrx_word' id='word_1_101' title='bbox 2668 1801 2861 1869; x_wconf 91' lang='lat' dir='ltr'><strong>illius</strong></span> 
     </span>
     <span class='ocr_line' id='line_1_16' title="bbox 726 1890 2861 1975; baseline 0 -18"><span class='ocrx_word' id='word_1_102' title='bbox 726 1892 1005 1975; x_wconf 79' lang='lat' dir='ltr'><strong>regionis</strong></span> <span class='ocrx_word' id='word_1_103' title='bbox 1051 1891 1271 1956; x_wconf 87' lang='lat' dir='ltr'><strong>incolis</strong></span> <span class='ocrx_word' id='word_1_104' title='bbox 1302 1909 1342 1956; x_wconf 90' lang='lat' dir='ltr'><strong>a</strong></span> <span class='ocrx_word' id='word_1_105' title='bbox 1372 1890 1589 1956; x_wconf 88' lang='lat' dir='ltr'><strong>Xutho</strong></span> <span class='ocrx_word' id='word_1_106' title='bbox 1623 1892 1875 1958; x_wconf 91' lang='lat' dir='ltr'><strong>demum</strong></span> <span class='ocrx_word' id='word_1_107' title='bbox 1906 1908 2045 1957; x_wconf 89' lang='lat' dir='ltr'><strong>esse</strong></span> <span class='ocrx_word' id='word_1_108' title='bbox 2077 1890 2326 1955; x_wconf 90' lang='lat' dir='ltr'><strong>illatum</strong></span> <span class='ocrx_word' id='word_1_109' title='bbox 2351 1894 2500 1970; x_wconf 86' lang='lat' dir='ltr'><strong>jure</strong></span> <span class='ocrx_word' id='word_1_110' title='bbox 2535 1890 2861 1973; x_wconf 83' lang='lat' dir='ltr'><strong>docuerit,</strong></span> 
     </span>
     <span class='ocr_line' id='line_1_17' title="bbox 716 1979 2858 2063; baseline 0 -16"><span class='ocrx_word' id='word_1_111' title='bbox 716 1990 799 2047; x_wconf 84' lang='lat' dir='ltr'><strong>an</strong></span> <span class='ocrx_word' id='word_1_112' title='bbox 861 1999 985 2059; x_wconf 82' lang='lat' dir='ltr'><strong>non</strong></span> <span class='ocrx_word' id='word_1_113' title='bbox 1008 1981 1061 2054; x_wconf 73' lang='grc'><strong>2)</strong></span> <span class='ocrx_word' id='word_1_114' title='bbox 1121 1985 1412 2046; x_wconf 87' lang='lat' dir='ltr'><strong>attamen</strong></span> <span class='ocrx_word' id='word_1_115' title='bbox 1468 1979 1781 2063; x_wconf 90' lang='lat' dir='ltr'><strong>Apollinis</strong></span> <span class='ocrx_word' id='word_1_116' title='bbox 1842 1980 2081 2046; x_wconf 90' lang='lat' dir='ltr'><strong>cultum</strong></span> <span class='ocrx_word' id='word_1_117' title='bbox 2140 1998 2270 2045; x_wconf 89' lang='lat' dir='ltr'><strong>non</strong></span> <span class='ocrx_word' id='word_1_118' title='bbox 2331 1980 2533 2046; x_wconf 89' lang='lat' dir='ltr'><strong>solum</strong></span> <span class='ocrx_word' id='word_1_119' title='bbox 2594 1981 2659 2045; x_wconf 92' lang='lat' dir='ltr'><strong>in</strong></span> <span class='ocrx_word' id='word_1_120' title='bbox 2732 1982 2858 2048; x_wconf 89' lang='lat' dir='ltr'><strong>illa</strong></span> 
     </span>
     <span class='ocr_line' id='line_1_18' title="bbox 719 2068 2857 2151; baseline 0 -16"><span class='ocrx_word' id='word_1_121' title='bbox 719 2070 1019 2150; x_wconf 89' lang='lat' dir='ltr'><strong>tetrapoli</strong></span> <span class='ocrx_word' id='word_1_122' title='bbox 1099 2070 1212 2135; x_wconf 88' lang='lat' dir='ltr'><strong>sed</strong></span> <span class='ocrx_word' id='word_1_123' title='bbox 1291 2071 1485 2136; x_wconf 88' lang='lat' dir='ltr'><strong>etiam</strong></span> <span class='ocrx_word' id='word_1_124' title='bbox 1565 2071 1632 2135; x_wconf 90' lang='lat' dir='ltr'><strong>in</strong></span> <span class='ocrx_word' id='word_1_125' title='bbox 1716 2068 1981 2136; x_wconf 88' lang='lat' dir='ltr'><strong>urbibus</strong></span> <span class='ocrx_word' id='word_1_126' title='bbox 2060 2069 2282 2136; x_wconf 85' lang='lat' dir='ltr'><strong>vicinis</strong></span> <span class='ocrx_word' id='word_1_127' title='bbox 2359 2068 2537 2135; x_wconf 89' lang='lat' dir='ltr'><strong>haud</strong></span> <span class='ocrx_word' id='word_1_128' title='bbox 2617 2071 2857 2151; x_wconf 89' lang='lat' dir='ltr'><strong>procul</strong></span> 
     </span>
     <span class='ocr_line' id='line_1_19' title="bbox 720 2157 2854 2242; baseline 0 -17"><span class='ocrx_word' id='word_1_129' title='bbox 720 2159 800 2225; x_wconf 89' lang='lat' dir='ltr'><strong>ab</strong></span> <span class='ocrx_word' id='word_1_130' title='bbox 871 2177 986 2224; x_wconf 86' lang='lat' dir='ltr'><strong>ora</strong></span> <span class='ocrx_word' id='word_1_131' title='bbox 1052 2160 1376 2225; x_wconf 89' lang='lat' dir='ltr'><strong>maritima</strong></span> <span class='ocrx_word' id='word_1_132' title='bbox 1443 2158 1612 2239; x_wconf 85' lang='lat' dir='ltr'><strong>sitis,</strong></span> <span class='ocrx_word' id='word_1_133' title='bbox 1696 2177 1966 2242; x_wconf 90' lang='lat' dir='ltr'><strong>quarum</strong></span> <span class='ocrx_word' id='word_1_134' title='bbox 2034 2160 2204 2224; x_wconf 91' lang='lat' dir='ltr'><strong>inter</strong></span> <span class='ocrx_word' id='word_1_135' title='bbox 2270 2157 2430 2224; x_wconf 90' lang='lat' dir='ltr'><strong>alias</strong></span> <span class='ocrx_word' id='word_1_136' title='bbox 2499 2157 2854 2226; x_wconf 84' lang='lat' dir='ltr'><strong>Thoricum</strong></span> 
     </span>
     <span class='ocr_line' id='line_1_20' title="bbox 727 2246 2854 2336; baseline 0 -22"><span class='ocrx_word' id='word_1_137' title='bbox 727 2246 1223 2331; x_wconf 85' lang='lat' dir='ltr'><strong>Cephalidarum</strong></span> <span class='ocrx_word' id='word_1_138' title='bbox 1272 2248 1447 2315; x_wconf 94' lang='lat' dir='ltr'><strong>cultu</strong></span> <span class='ocrx_word' id='word_1_139' title='bbox 1492 2254 1807 2328; x_wconf 87' lang='lat' dir='ltr'><strong>ornatam,</strong></span> <span class='ocrx_word' id='word_1_140' title='bbox 1853 2247 2147 2336; x_wconf 86' lang='lat' dir='ltr'><strong>Phlyam‚</strong></span> <span class='ocrx_word' id='word_1_141' title='bbox 2193 2247 2454 2312; x_wconf 88' lang='lat' dir='ltr'><strong>Prasias</strong></span> <span class='ocrx_word' id='word_1_142' title='bbox 2475 2246 2523 2328; x_wconf 86' lang='lat'><strong>³)</strong></span> <span class='ocrx_word' id='word_1_143' title='bbox 2570 2267 2854 2315; x_wconf 89' lang='lat' dir='ltr'><strong>comme-</strong></span> 
     </span>
     <span class='ocr_line' id='line_1_21' title="bbox 729 2336 2855 2420; baseline -0 -16"><span class='ocrx_word' id='word_1_144' title='bbox 729 2352 929 2419; x_wconf 87' lang='lat' dir='ltr'><strong>moro,</strong></span> <span class='ocrx_word' id='word_1_145' title='bbox 974 2355 1228 2420; x_wconf 87' lang='lat' dir='ltr'><strong>semper</strong></span> <span class='ocrx_word' id='word_1_146' title='bbox 1272 2355 1657 2419; x_wconf 84' lang='lat' dir='ltr'><strong>magnopere</strong></span> <span class='ocrx_word' id='word_1_147' title='bbox 1700 2336 1991 2405; x_wconf 89' lang='lat' dir='ltr'><strong>floruisse</strong></span> <span class='ocrx_word' id='word_1_148' title='bbox 2026 2341 2293 2405; x_wconf 85' lang='lat' dir='ltr'><strong>constat.</strong></span> <span class='ocrx_word' id='word_1_149' title='bbox 2387 2336 2614 2418; x_wconf 89' lang='lat' dir='ltr'><strong>Itaque</strong></span> <span class='ocrx_word' id='word_1_150' title='bbox 2660 2338 2717 2403; x_wconf 92' lang='lat' dir='ltr'><strong>si</strong></span> <span class='ocrx_word' id='word_1_151' title='bbox 2770 2339 2855 2405; x_wconf 90' lang='lat' dir='ltr'><strong>de</strong></span> 
     </span>
     <span class='ocr_line' id='line_1_22' title="bbox 720 2426 2851 2516; baseline -0 -23"><span class='ocrx_word' id='word_1_152' title='bbox 720 2428 958 2516; x_wconf 85' lang='lat' dir='ltr'><strong>Pythia</strong></span> <span class='ocrx_word' id='word_1_153' title='bbox 1005 2445 1121 2492; x_wconf 90' lang='lat' dir='ltr'><strong>ora</strong></span> <span class='ocrx_word' id='word_1_154' title='bbox 1169 2426 1522 2508; x_wconf 85' lang='lat' dir='ltr'><strong>dicebatur,</strong></span> <span class='ocrx_word' id='word_1_155' title='bbox 1568 2429 1907 2509; x_wconf 85' lang='lat' dir='ltr'><strong>unicuique</strong></span> <span class='ocrx_word' id='word_1_156' title='bbox 1953 2426 2432 2496; x_wconf 90' lang='lat' dir='ltr'><strong>Atheniensium</strong></span> <span class='ocrx_word' id='word_1_157' title='bbox 2479 2429 2851 2494; x_wconf 89' lang='lat' dir='ltr'><strong>necessario</strong></span> 
     </span>
     <span class='ocr_line' id='line_1_23' title="bbox 721 2514 2852 2600; baseline 0 -17"><span class='ocrx_word' id='word_1_158' title='bbox 721 2517 1031 2583; x_wconf 77' lang='lat' dir='ltr'><strong>orlentale</strong></span> <span class='ocrx_word' id='word_1_159' title='bbox 1077 2514 1237 2583; x_wconf 91' lang='lat' dir='ltr'><strong>illud</strong></span> <span class='ocrx_word' id='word_1_160' title='bbox 1269 2518 1524 2583; x_wconf 91' lang='lat' dir='ltr'><strong>Atticae</strong></span> <span class='ocrx_word' id='word_1_161' title='bbox 1569 2517 1772 2598; x_wconf 89' lang='lat' dir='ltr'><strong>littus,</strong></span> <span class='ocrx_word' id='word_1_162' title='bbox 1818 2517 2158 2600; x_wconf 83' lang='lat' dir='ltr'><strong>praecipue</strong></span> <span class='ocrx_word' id='word_1_163' title='bbox 2191 2523 2407 2583; x_wconf 90' lang='lat' dir='ltr'><strong>autem</strong></span> <span class='ocrx_word' id='word_1_164' title='bbox 2439 2515 2852 2584; x_wconf 85' lang='lat' dir='ltr'><strong>Marathonis</strong></span> 
     </span>
     <span class='ocr_line' id='line_1_24' title="bbox 724 2606 2850 2688; baseline 0.001 -16"><span class='ocrx_word' id='word_1_165' title='bbox 724 2613 859 2673; x_wconf 91' lang='lat' dir='ltr'><strong>tota</strong></span> <span class='ocrx_word' id='word_1_166' title='bbox 926 2608 1103 2688; x_wconf 85' lang='lat' dir='ltr'><strong>regio</strong></span> <span class='ocrx_word' id='word_1_167' title='bbox 1172 2609 1236 2672; x_wconf 90' lang='lat' dir='ltr'><strong>in</strong></span> <span class='ocrx_word' id='word_1_168' title='bbox 1307 2612 1517 2672; x_wconf 88' lang='lat' dir='ltr'><strong>mente</strong></span> <span class='ocrx_word' id='word_1_169' title='bbox 1587 2606 1995 2686; x_wconf 82' lang='lat' dir='ltr'><strong>versabatur3</strong></span> <span class='ocrx_word' id='word_1_170' title='bbox 2067 2606 2555 2673; x_wconf 86' lang='lat' dir='ltr'><strong>scholiastarum</strong></span> <span class='ocrx_word' id='word_1_171' title='bbox 2624 2612 2850 2673; x_wconf 89' lang='lat' dir='ltr'><strong>autem</strong></span> 
     </span>
     <span class='ocr_line' id='line_1_25' title="bbox 722 2693 2851 2778; baseline -0.001 -14"><span class='ocrx_word' id='word_1_172' title='bbox 722 2694 1243 2764; x_wconf 87' lang='lat' dir='ltr'><strong>annotationibus</strong></span> <span class='ocrx_word' id='word_1_173' title='bbox 1289 2695 1442 2764; x_wconf 86' lang='lat' dir='ltr'><strong>lieet</strong></span> <span class='ocrx_word' id='word_1_174' title='bbox 1487 2697 1704 2763; x_wconf 89' lang='lat' dir='ltr'><strong>multis</strong></span> <span class='ocrx_word' id='word_1_175' title='bbox 1750 2697 1894 2763; x_wconf 90' lang='lat' dir='ltr'><strong>aliis</strong></span> <span class='ocrx_word' id='word_1_176' title='bbox 1929 2693 2260 2778; x_wconf 78' lang='lat' dir='ltr'><strong>Sophoclis</strong></span> <span class='ocrx_word' id='word_1_177' title='bbox 2292 2694 2658 2764; x_wconf 84' lang='lat' dir='ltr'><strong>fabularum</strong></span> <span class='ocrx_word' id='word_1_178' title='bbox 2687 2694 2851 2764; x_wconf 88' lang='lat' dir='ltr'><strong>locis</strong></span> 
     </span>
     <span class='ocr_line' id='line_1_26' title="bbox 726 2784 2849 2868; baseline 0 -17"><span class='ocrx_word' id='word_1_179' title='bbox 726 2789 860 2853; x_wconf 84' lang='lat' dir='ltr'><strong>‘ure</strong></span> <span class='ocrx_word' id='word_1_180' title='bbox 907 2788 1142 2868; x_wconf 87' lang='lat' dir='ltr'><strong>optimo</strong></span> <span class='ocrx_word' id='word_1_181' title='bbox 1189 2804 1415 2867; x_wconf 89' lang='lat' dir='ltr'><strong>parum</strong></span> <span class='ocrx_word' id='word_1_182' title='bbox 1460 2789 1574 2852; x_wconf 89' lang='lat' dir='ltr'><strong>aut</strong></span> <span class='ocrx_word' id='word_1_183' title='bbox 1619 2786 1778 2852; x_wconf 89' lang='lat' dir='ltr'><strong>nihil</strong></span> <span class='ocrx_word' id='word_1_184' title='bbox 1824 2786 2230 2853; x_wconf 88' lang='lat' dir='ltr'><strong>auctoritatis</strong></span> <span class='ocrx_word' id='word_1_185' title='bbox 2279 2784 2690 2853; x_wconf 89' lang='lat' dir='ltr'><strong>tribuendum</strong></span> <span class='ocrx_word' id='word_1_186' title='bbox 2736 2788 2849 2867; x_wconf 87' lang='lat' dir='ltr'><strong>sit,</strong></span> 
     </span>
     <span class='ocr_line' id='line_1_27' title="bbox 713 2806 2846 2958; baseline -0 -16"><span class='ocrx_word' id='word_1_187' title='bbox 713 2806 838 2942; x_wconf 55' lang='lat' dir='ltr'><strong>line</strong></span> <span class='ocrx_word' id='word_1_188' title='bbox 892 2873 1147 2957; x_wconf 88' lang='lat' dir='ltr'><strong>quidem</strong></span> <span class='ocrx_word' id='word_1_189' title='bbox 1204 2875 1340 2942; x_wconf 88' lang='lat' dir='ltr'><strong>loco</strong></span> <span class='ocrx_word' id='word_1_190' title='bbox 1397 2880 1644 2942; x_wconf 89' lang='lat' dir='ltr'><strong>rectum</strong></span> <span class='ocrx_word' id='word_1_191' title='bbox 1700 2876 1793 2941; x_wconf 91' lang='lat' dir='ltr'><strong>illi</strong></span> <span class='ocrx_word' id='word_1_192' title='bbox 1858 2869 2258 2958; x_wconf 87' lang='lat' dir='ltr'><strong>perspexisse</strong></span> <span class='ocrx_word' id='word_1_193' title='bbox 2312 2874 2467 2941; x_wconf 90' lang='lat' dir='ltr'><strong>mihi</strong></span> <span class='ocrx_word' id='word_1_194' title='bbox 2520 2876 2846 2955; x_wconf 87' lang='lat' dir='ltr'><strong>videntur,</strong></span> 
     </span>
     <span class='ocr_line' id='line_1_28' title="bbox 719 2961 2847 3050; baseline 0.001 -20"><span class='ocrx_word' id='word_1_195' title='bbox 719 2965 889 3049; x_wconf 75' lang='lat' dir='ltr'><strong>quod</strong></span> <span class='ocrx_word' id='word_1_196' title='bbox 933 2963 1212 3050; x_wconf 80' lang='lat' dir='ltr'><strong>Leakius</strong></span> <span class='ocrx_word' id='word_1_197' title='bbox 1254 2983 1502 3046; x_wconf 88' lang='lat' dir='ltr'><strong>quoque</strong></span> <span class='ocrx_word' id='word_1_198' title='bbox 1548 2966 1611 3030; x_wconf 92' lang='lat' dir='ltr'><strong>in</strong></span> <span class='ocrx_word' id='word_1_199' title='bbox 1662 2961 2085 3047; x_wconf 82' lang='lat' dir='ltr'><strong>descriptione</strong></span> <span class='ocrx_word' id='word_1_200' title='bbox 2117 2965 2370 3034; x_wconf 87' lang='lat' dir='ltr'><strong>Atticae</strong></span> <span class='ocrx_word' id='word_1_201' title='bbox 2416 2965 2847 3047; x_wconf 86' lang='lat' dir='ltr'><strong>peritissimus</strong></span> 
     </span>
     <span class='ocr_line' id='line_1_29' title="bbox 724 3053 2429 3142; baseline -0.001 -21"><span class='ocrx_word' id='word_1_202' title='bbox 724 3058 804 3121; x_wconf 90' lang='lat' dir='ltr'><strong>in·</strong></span> <span class='ocrx_word' id='word_1_203' title='bbox 833 3053 1181 3128; x_wconf 86' lang='lat' dir='ltr'><strong>scholiasta</strong></span> <span class='ocrx_word' id='word_1_204' title='bbox 1225 3054 1519 3123; x_wconf 83' lang='lat' dir='ltr'><strong>laudavit</strong></span> <span class='ocrx_word' id='word_1_205' title='bbox 1537 3056 1605 3135; x_wconf 85' lang='lat'><strong>⁴).</strong></span> <span class='ocrx_word' id='word_1_206' title='bbox 2424 3135 2429 3142; x_wconf 74' lang='lat'><strong><em>‚</em></strong></span> 
     </span>
    </p>

    <p class='ocr_par' dir='ltr' id='par_1_6' title="bbox 722 3142 2845 3498">
     <span class='ocr_line' id='line_1_30' title="bbox 895 3142 2840 3234; baseline 0 -25"><span class='ocrx_word' id='word_1_207' title='bbox 895 3143 992 3209; x_wconf 86' lang='lat' dir='ltr'><strong>Ex</strong></span> <span class='ocrx_word' id='word_1_208' title='bbox 1039 3143 1351 3226; x_wconf 90' lang='lat' dir='ltr'><strong>omnibus,</strong></span> <span class='ocrx_word' id='word_1_209' title='bbox 1374 3227 1378 3234; x_wconf 25' lang='grc' dir='ltr'>Ι</span> <span class='ocrx_word' id='word_1_210' title='bbox 1398 3163 1561 3228; x_wconf 86' lang='lat' dir='ltr'><strong>quae</strong></span> <span class='ocrx_word' id='word_1_211' title='bbox 1611 3146 1871 3228; x_wconf 85' lang='lat' dir='ltr'><strong>exposui</strong></span> <span class='ocrx_word' id='word_1_212' title='bbox 1917 3145 2073 3212; x_wconf 89' lang='lat' dir='ltr'><strong>satis</strong></span> <span class='ocrx_word' id='word_1_213' title='bbox 2119 3147 2423 3228; x_wconf 87' lang='lat' dir='ltr'><strong>apertum.</strong></span> <span class='ocrx_word' id='word_1_214' title='bbox 2456 3142 2613 3211; x_wconf 89' lang='lat' dir='ltr'><strong>mihi</strong></span> <span class='ocrx_word' id='word_1_215' title='bbox 2658 3145 2840 3210; x_wconf 86' lang='lat' dir='ltr'><strong>vide-</strong></span> 
     </span>
     <span class='ocr_line' id='line_1_31' title="bbox 723 3226 2844 3315; baseline -0 -14"><span class='ocrx_word' id='word_1_216' title='bbox 723 3241 850 3315; x_wconf 88' lang='lat' dir='ltr'><strong>tur,</strong></span> <span class='ocrx_word' id='word_1_217' title='bbox 895 3232 1108 3299; x_wconf 89' lang='lat' dir='ltr'><strong>verbis</strong></span> <span class='ocrx_word' id='word_1_218' title='bbox 1155 3232 1470 3307; x_wconf 75' lang='grc' dir='ltr'><strong>,Πυθίαις</strong></span> <span class='ocrx_word' id='word_1_219' title='bbox 1516 3226 1753 3308; x_wconf 81' lang='grc' dir='ltr'><strong><em>α’κταῑς</em></strong></span> <span class='ocrx_word' id='word_1_220' title='bbox 1812 3252 1990 3304; x_wconf 89' lang='lat' dir='ltr'><strong>oram</strong></span> <span class='ocrx_word' id='word_1_221' title='bbox 2051 3234 2437 3300; x_wconf 90' lang='lat' dir='ltr'><strong>maritimam</strong></span> <span class='ocrx_word' id='word_1_222' title='bbox 2484 3233 2585 3300; x_wconf 86' lang='lat' dir='ltr'><strong>vel</strong></span> <span class='ocrx_word' id='word_1_223' title='bbox 2631 3234 2844 3315; x_wconf 84' lang='lat' dir='ltr'><strong>regio-</strong></span> 
     </span>
     <span class='ocr_line' id='line_1_32' title="bbox 722 3322 2845 3406; baseline -0.001 -15"><span class='ocrx_word' id='word_1_224' title='bbox 722 3344 865 3391; x_wconf 91' lang='lat' dir='ltr'><strong>nem</strong></span> <span class='ocrx_word' id='word_1_225' title='bbox 933 3324 1185 3389; x_wconf 91' lang='lat' dir='ltr'><strong>Atticae</strong></span> <span class='ocrx_word' id='word_1_226' title='bbox 1255 3322 1755 3405; x_wconf 88' lang='lat' dir='ltr'><strong>septentrionem</strong></span> <span class='ocrx_word' id='word_1_227' title='bbox 1833 3325 2269 3406; x_wconf 86' lang='lat' dir='ltr'><strong>orientemque</strong></span> <span class='ocrx_word' id='word_1_228' title='bbox 2334 3341 2558 3391; x_wconf 88' lang='lat' dir='ltr'><strong>versus</strong></span> <span class='ocrx_word' id='word_1_229' title='bbox 2624 3324 2845 3400; x_wconf 87' lang='lat' dir='ltr'><strong>sitam,</strong></span> 
     </span>
     <span class='ocr_line' id='line_1_33' title="bbox 722 3405 2845 3498; baseline -0.001 -19"><span class='ocrx_word' id='word_1_230' title='bbox 722 3434 887 3497; x_wconf 89' lang='lat' dir='ltr'><strong>quae</strong></span> <span class='ocrx_word' id='word_1_231' title='bbox 946 3405 1291 3481; x_wconf 76' lang='lat' dir='ltr'><strong>Marathon</strong></span> <span class='ocrx_word' id='word_1_232' title='bbox 1348 3410 1796 3498; x_wconf 83' lang='lat' dir='ltr'><strong>appellabatur</strong></span> <span class='ocrx_word' id='word_1_233' title='bbox 1850 3433 1897 3484; x_wconf 88' lang='lat' dir='ltr'><strong>a¹</strong></span> <span class='ocrx_word' id='word_1_234' title='bbox 1944 3419 2135 3497; x_wconf 84' lang='lat' dir='ltr'><strong>poeta</strong></span> <span class='ocrx_word' id='word_1_235' title='bbox 2192 3431 2330 3490; x_wconf 84' lang='lat' dir='ltr'><strong>esse</strong></span> <span class='ocrx_word' id='word_1_236' title='bbox 2398 3412 2845 3496; x_wconf 82' lang='lat' dir='ltr'><strong>significatam,</strong></span> 
     </span>
    </p>
   </div>
   <div class='ocr_carea' id='block_1_5' title="bbox 724 3557 1143 3573">
    <p class='ocr_par' dir='ltr' id='par_1_7' title="bbox 724 3557 1143 3573">
     <span class='ocr_line' id='line_1_34' title="bbox 724 3557 1143 3573; baseline 0 1465"><span class='ocrx_word' id='word_1_237' title='bbox 724 3557 1143 3573; x_wconf 95' lang='lat' dir='ltr'><strong> </strong></span> 
     </span>
    </p>
   </div>
   <div class='ocr_carea' id='block_1_6' title="bbox 723 3606 2847 4472">
    <p class='ocr_par' dir='ltr' id='par_1_8' title="bbox 723 3606 2847 4116">
     <span class='ocr_line' id='line_1_35' title="bbox 870 3606 2845 3681; baseline -0.002 -14"><span class='ocrx_word' id='word_1_238' title='bbox 870 3613 912 3681; x_wconf 88' lang='lat'><strong>¹)</strong></span> <span class='ocrx_word' id='word_1_239' title='bbox 952 3611 1036 3672; x_wconf 78' lang='lat' dir='ltr'><strong>cf.</strong></span> <span class='ocrx_word' id='word_1_240' title='bbox 1076 3609 1167 3667; x_wconf 87' lang='lat' dir='ltr'><strong>W.</strong></span> <span class='ocrx_word' id='word_1_241' title='bbox 1188 3610 1264 3669; x_wconf 78' lang='lat' dir='ltr'><strong>M.</strong></span> <span class='ocrx_word' id='word_1_242' title='bbox 1287 3607 1482 3663; x_wconf 80' lang='lat' dir='ltr'><strong>Leakii</strong></span> <span class='ocrx_word' id='word_1_243' title='bbox 1515 3607 1690 3666; x_wconf 87' lang='lat' dir='ltr'><strong>libelli</strong></span> <span class='ocrx_word' id='word_1_244' title='bbox 1726 3606 1797 3664; x_wconf 86' lang='lat' dir='ltr'><strong>de</strong></span> <span class='ocrx_word' id='word_1_245' title='bbox 1832 3610 2002 3666; x_wconf 83' lang='lat' dir='ltr'><strong>demis</strong></span> <span class='ocrx_word' id='word_1_246' title='bbox 2024 3607 2226 3665; x_wconf 75' lang='lat' dir='ltr'><strong>Atticis</strong></span> <span class='ocrx_word' id='word_1_247' title='bbox 2244 3609 2302 3668; x_wconf 83' lang='lat' dir='ltr'><strong>in</strong></span> <span class='ocrx_word' id='word_1_248' title='bbox 2322 3609 2575 3666; x_wconf 77' lang='lat' dir='ltr'><strong>versione</strong></span> <span class='ocrx_word' id='word_1_249' title='bbox 2594 3611 2845 3665; x_wconf 76' lang='lat' dir='ltr'><strong>wester-</strong></span> 
     </span>
     <span class='ocr_line' id='line_1_36' title="bbox 725 3679 2845 3756; baseline -0.002 -15"><span class='ocrx_word' id='word_1_250' title='bbox 725 3686 1017 3742; x_wconf 82' lang='lat' dir='ltr'><strong>manniana</strong></span> <span class='ocrx_word' id='word_1_251' title='bbox 1050 3700 1106 3755; x_wconf 91' lang='lat' dir='ltr'><strong>p.</strong></span> <span class='ocrx_word' id='word_1_252' title='bbox 1126 3682 1193 3739; x_wconf 79' lang='lat'><strong>⁷5</strong></span> <span class='ocrx_word' id='word_1_253' title='bbox 1226 3688 1282 3736; x_wconf 86' lang='lat' dir='ltr'><strong>et</strong></span> <span class='ocrx_word' id='word_1_254' title='bbox 1299 3681 1709 3737; x_wconf 83' lang='lat' dir='ltr'><strong>Westermanni</strong></span> <span class='ocrx_word' id='word_1_255' title='bbox 1744 3682 2149 3756; x_wconf 83' lang='lat' dir='ltr'><strong>adnotationem</strong></span> <span class='ocrx_word' id='word_1_256' title='bbox 2189 3679 2259 3736; x_wconf 88' lang='lat' dir='ltr'><strong>ad</strong></span> <span class='ocrx_word' id='word_1_257' title='bbox 2294 3680 2441 3736; x_wconf 89' lang='lat' dir='ltr'><strong>hunc</strong></span> <span class='ocrx_word' id='word_1_258' title='bbox 2478 3681 2716 3738; x_wconf 81' lang='lat' dir='ltr'><strong>libellum</strong></span> <span class='ocrx_word' id='word_1_259' title='bbox 2744 3680 2845 3738; x_wconf 83' lang='lat'><strong>186</strong></span> 
     </span>
     <span class='ocr_line' id='line_1_37' title="bbox 724 3751 2842 3830; baseline -0.003 -17"><span class='ocrx_word' id='word_1_260' title='bbox 724 3776 776 3830; x_wconf 85' lang='lat' dir='ltr'><strong>p.</strong></span> <span class='ocrx_word' id='word_1_261' title='bbox 817 3758 903 3823; x_wconf 75' lang='lat'><strong>65,</strong></span> <span class='ocrx_word' id='word_1_262' title='bbox 955 3757 1050 3827; x_wconf 82' lang='lat' dir='ltr'><strong>qui</strong></span> <span class='ocrx_word' id='word_1_263' title='bbox 1095 3755 1234 3809; x_wconf 86' lang='lat' dir='ltr'><strong>haec</strong></span> <span class='ocrx_word' id='word_1_264' title='bbox 1278 3752 1565 3809; x_wconf 76' lang='lat' dir='ltr'><strong>disseruit:</strong></span> <span class='ocrx_word' id='word_1_265' title='bbox 1638 3751 1743 3808; x_wconf 85' lang='lat' dir='ltr'><strong>Mit</strong></span> <span class='ocrx_word' id='word_1_266' title='bbox 1777 3754 1883 3809; x_wconf 89' lang='lat' dir='ltr'><strong>den</strong></span> <span class='ocrx_word' id='word_1_267' title='bbox 1919 3754 2152 3809; x_wconf 85' lang='lat' dir='ltr'><strong>Worten</strong></span> <span class='ocrx_word' id='word_1_268' title='bbox 2188 3754 2247 3807; x_wconf 79' lang='grc' dir='ltr'><strong>ἐν</strong></span> <span class='ocrx_word' id='word_1_269' title='bbox 2282 3752 2358 3821; x_wconf 71' lang='grc' dir='ltr'><strong>τῷ</strong></span> <span class='ocrx_word' id='word_1_270' title='bbox 2391 3752 2701 3821; x_wconf 75' lang='grc' dir='ltr'><strong><em>Μαραθῶιι</em></strong></span> <span class='ocrx_word' id='word_1_271' title='bbox 2745 3752 2842 3808; x_wconf 85' lang='lat' dir='ltr'><strong>be·</strong></span> 
     </span>
     <span class='ocr_line' id='line_1_38' title="bbox 726 3822 2847 3895; baseline -0.004 -11"><span class='ocrx_word' id='word_1_272' title='bbox 726 3830 994 3885; x_wconf 70' lang='lat' dir='ltr'><strong>widinen</strong></span> <span class='ocrx_word' id='word_1_273' title='bbox 1041 3827 1129 3881; x_wconf 85' lang='lat' dir='ltr'><strong>die</strong></span> <span class='ocrx_word' id='word_1_274' title='bbox 1183 3824 1561 3895; x_wconf 78' lang='lat' dir='ltr'><strong>griechischen</strong></span> <span class='ocrx_word' id='word_1_275' title='bbox 1600 3825 1999 3883; x_wconf 79' lang='lat' dir='ltr'><strong>Schrifteteller</strong></span> <span class='ocrx_word' id='word_1_276' title='bbox 2051 3822 2409 3895; x_wconf 77' lang='lat' dir='ltr'><strong>inegesammt</strong></span> <span class='ocrx_word' id='word_1_277' title='bbox 2450 3839 2556 3878; x_wconf 82' lang='lat' dir='ltr'><strong>von</strong></span> <span class='ocrx_word' id='word_1_278' title='bbox 2592 3823 2847 3878; x_wconf 80' lang='lat' dir='ltr'><strong>Herodot</strong></span> 
     </span>
     <span class='ocr_line' id='line_1_39' title="bbox 723 3893 2844 3973; baseline -0.004 -16"><span class='ocrx_word' id='word_1_279' title='bbox 723 3901 824 3973; x_wconf 53' lang='lat' dir='ltr'><strong>biugi¹</strong></span> <span class='ocrx_word' id='word_1_280' title='bbox 846 3899 1014 3954; x_wconf 87' lang='lat' dir='ltr'><strong>herab</strong></span> <span class='ocrx_word' id='word_1_281' title='bbox 1052 3898 1152 3966; x_wconf 78' lang='lat' dir='ltr'><strong>anf</strong></span> <span class='ocrx_word' id='word_1_282' title='bbox 1179 3895 1491 3964; x_wconf 72' lang='lat' dir='ltr'><strong>Pausanias</strong></span> <span class='ocrx_word' id='word_1_283' title='bbox 1528 3898 1689 3952; x_wconf 83' lang='lat' dir='ltr'><strong>einen</strong></span> <span class='ocrx_word' id='word_1_284' title='bbox 1731 3894 1902 3967; x_wconf 86' lang='lat' dir='ltr'><strong>jeden</strong></span> <span class='ocrx_word' id='word_1_285' title='bbox 1937 3895 2120 3953; x_wconf 82' lang='lat' dir='ltr'><strong>Punkt</strong></span> <span class='ocrx_word' id='word_1_286' title='bbox 2166 3896 2395 3952; x_wconf 82' lang='lat' dir='ltr'><strong>in·dem</strong></span> <span class='ocrx_word' id='word_1_287' title='bbox 2434 3895 2695 3954; x_wconf 76' lang='lat' dir='ltr'><strong>Distrikte</strong></span> <span class='ocrx_word' id='word_1_288' title='bbox 2731 3893 2844 3950; x_wconf 83' lang='lat' dir='ltr'><strong>und</strong></span> 
     </span>
     <span class='ocr_line' id='line_1_40' title="bbox 725 3961 2843 4044; baseline -0.004 -17"><span class='ocrx_word' id='word_1_289' title='bbox 725 3989 797 4027; x_wconf 82' lang='lat' dir='ltr'><strong>an</strong></span> <span class='ocrx_word' id='word_1_290' title='bbox 845 3961 943 4028; x_wconf 73' lang='lat' dir='ltr'><strong>der</strong></span> <span class='ocrx_word' id='word_1_291' title='bbox 986 3970 1166 4026; x_wconf 80' lang='lat' dir='ltr'><strong>Kiistc</strong></span> <span class='ocrx_word' id='word_1_292' title='bbox 1211 3968 1309 4022; x_wconf 90' lang='lat' dir='ltr'><strong>der</strong></span> <span class='ocrx_word' id='word_1_293' title='bbox 1352 3966 1680 4044; x_wconf 72' lang='lat' dir='ltr'><strong>Tati-apella.</strong></span> <span class='ocrx_word' id='word_1_294' title='bbox 1771 3968 1925 4036; x_wconf 77' lang='lat' dir='ltr'><strong>Quae</strong></span> <span class='ocrx_word' id='word_1_295' title='bbox 1979 3966 2278 4023; x_wconf 80' lang='lat' dir='ltr'><strong>suadentur</strong></span> <span class='ocrx_word' id='word_1_296' title='bbox 2323 3966 2734 4038; x_wconf 54' lang='lat' dir='ltr'><strong>Lucianidooo</strong></span> <span class='ocrx_word' id='word_1_297' title='bbox 2786 3965 2843 4024; x_wconf 84' lang='lat' dir='ltr'><strong>in</strong></span> 
     </span>
     <span class='ocr_line' id='line_1_41' title="bbox 723 4037 2334 4116; baseline -0.004 -17"><span class='ocrx_word' id='word_1_298' title='bbox 723 4039 1125 4116; x_wconf 74' lang='lat' dir='ltr'><strong>I‘caromex‘lippi</strong></span> <span class='ocrx_word' id='word_1_299' title='bbox 1159 4051 1208 4095; x_wconf 74' lang='lat' dir='ltr'><strong>e.</strong></span> <span class='ocrx_word' id='word_1_300' title='bbox 1253 4038 1318 4096; x_wconf 86' lang='lat'><strong>18</strong></span> <span class='ocrx_word' id='word_1_301' title='bbox 1352 4037 1704 4109; x_wconf 68' lang='grc' dir='ltr'><strong><em>Μαραθῶνος</em></strong></span> <span class='ocrx_word' id='word_1_302' title='bbox 1736 4040 1804 4094; x_wconf 69' lang='grc' dir='ltr'><strong>τά</strong></span> <span class='ocrx_word' id='word_1_303' title='bbox 1840 4047 1959 4108; x_wconf 79' lang='grc' dir='ltr'><strong>περὶ</strong></span> <span class='ocrx_word' id='word_1_304' title='bbox 1993 4039 2091 4107; x_wconf 78' lang='grc' dir='ltr'><strong>τήν</strong></span> <span class='ocrx_word' id='word_1_305' title='bbox 2126 4037 2334 4106; x_wconf 82' lang='grc' dir='ltr'>Οἰνόην.</span> 
     </span>
    </p>

    <p class='ocr_par' dir='ltr' id='par_1_9' title="bbox 726 4103 2845 4314">
     <span class='ocr_line' id='line_1_42' title="bbox 868 4103 2844 4184; baseline -0.004 -16"><span class='ocrx_word' id='word_1_306' title='bbox 868 4113 913 4184; x_wconf 81' lang='lat'><strong>⁸)</strong></span> <span class='ocrx_word' id='word_1_307' title='bbox 954 4111 1046 4168; x_wconf 67' lang='lat' dir='ltr'><strong>Of.</strong></span> <span class='ocrx_word' id='word_1_308' title='bbox 1077 4110 1272 4166; x_wconf 65' lang='lat' dir='ltr'><strong>dehac</strong></span> <span class='ocrx_word' id='word_1_309' title='bbox 1292 4127 1352 4165; x_wconf 86' lang='lat' dir='ltr'><strong>re</strong></span> <span class='ocrx_word' id='word_1_310' title='bbox 1376 4110 1738 4166; x_wconf 82' lang='lat' dir='ltr'><strong>Schoemann.</strong></span> <span class='ocrx_word' id='word_1_311' title='bbox 1776 4109 2055 4181; x_wconf 81' lang='lat' dir='ltr'><strong>antiquitt.</strong></span> <span class='ocrx_word' id='word_1_312' title='bbox 2088 4121 2171 4178; x_wconf 79' lang='lat' dir='ltr'><strong>gr.</strong></span> <span class='ocrx_word' id='word_1_313' title='bbox 2191 4109 2259 4164; x_wconf 90' lang='lat'><strong>11.</strong></span> <span class='ocrx_word' id='word_1_314' title='bbox 2298 4125 2352 4182; x_wconf 91' lang='lat' dir='ltr'><strong>p.</strong></span> <span class='ocrx_word' id='word_1_315' title='bbox 2374 4107 2480 4168; x_wconf 79' lang='lat'><strong>399</strong></span> <span class='ocrx_word' id='word_1_316' title='bbox 2516 4114 2573 4164; x_wconf 87' lang='lat' dir='ltr'><strong>et</strong></span> <span class='ocrx_word' id='word_1_317' title='bbox 2603 4103 2844 4163; x_wconf 84' lang='lat' dir='ltr'><strong>libellum</strong></span> 
     </span>
     <span class='ocr_line' id='line_1_43' title="bbox 727 4179 2845 4253; baseline -0.005 -10"><span class='ocrx_word' id='word_1_318' title='bbox 727 4197 882 4243; x_wconf 80' lang='lat' dir='ltr'><strong>anuo-</strong></span> <span class='ocrx_word' id='word_1_319' title='bbox 918 4182 1513 4241; x_wconf 65' lang='lat' dir='ltr'><strong>lssssssizad·Academiae</strong></span> <span class='ocrx_word' id='word_1_320' title='bbox 1534 4181 1934 4253; x_wconf 71' lang='lat' dir='ltr'><strong>Gryphiewnld.</strong></span> <span class='ocrx_word' id='word_1_321' title='bbox 1958 4181 2269 4237; x_wconf 72' lang='lat' dir='ltr'><strong>saecularia</strong></span> <span class='ocrx_word' id='word_1_322' title='bbox 2301 4184 2497 4253; x_wconf 75' lang='lat' dir='ltr'><strong>quarta</strong></span> <span class='ocrx_word' id='word_1_323' title='bbox 2519 4179 2845 4238; x_wconf 79' lang='lat' dir='ltr'><strong>celebranda</strong></span> 
     </span>
     <span class='ocr_line' id='line_1_44' title="bbox 726 4256 1111 4314; baseline -0.018 0"><span class='ocrx_word' id='word_1_324' title='bbox 726 4256 938 4314; x_wconf 74' lang='lat' dir='ltr'><strong>conseri</strong></span> <span class='ocrx_word' id='word_1_325' title='bbox 979 4260 1111 4309; x_wconf 86' lang='lat' dir='ltr'><strong>tum.</strong></span> 
     </span>
    </p>

    <p class='ocr_par' dir='ltr' id='par_1_10' title="bbox 871 4272 2117 4398">
     <span class='ocr_line' id='line_1_45' title="bbox 871 4272 2117 4398; baseline -0.002 -16"><span class='ocrx_word' id='word_1_326' title='bbox 871 4327 917 4396; x_wconf 83' lang='lat'><strong>⁸)</strong></span> <span class='ocrx_word' id='word_1_327' title='bbox 941 4272 1039 4384; x_wconf 59' lang='grc' dir='ltr'><strong>Ῑὸί.</strong></span> <span class='ocrx_word' id='word_1_328' title='bbox 1077 4322 1342 4382; x_wconf 83' lang='lat' dir='ltr'><strong>Gerhard.</strong></span> <span class='ocrx_word' id='word_1_329' title='bbox 1380 4325 1676 4397; x_wconf 79' lang='lat' dir='ltr'><strong>mytholog.</strong></span> <span class='ocrx_word' id='word_1_330' title='bbox 1713 4341 1795 4398; x_wconf 80' lang='lat' dir='ltr'><strong>gr.</strong></span> <span class='ocrx_word' id='word_1_331' title='bbox 1827 4324 1868 4380; x_wconf 90' lang='lat'><strong>1.</strong></span> <span class='ocrx_word' id='word_1_332' title='bbox 1904 4342 1957 4395; x_wconf 84' lang='lat' dir='ltr'><strong>p.</strong></span> <span class='ocrx_word' id='word_1_333' title='bbox 1995 4324 2117 4396; x_wconf 22' lang='lat'><strong>293⁴</strong></span> 
     </span>
    </p>

    <p class='ocr_par' dir='ltr' id='par_1_11' title="bbox 871 4396 1449 4472">
     <span class='ocr_line' id='line_1_46' title="bbox 871 4396 1449 4472; baseline 0 -18"><span class='ocrx_word' id='word_1_334' title='bbox 871 4400 919 4472; x_wconf 63' lang='lat'><strong>⁴³)</strong></span> <span class='ocrx_word' id='word_1_335' title='bbox 957 4397 1040 4458; x_wconf 80' lang='lat' dir='ltr'><strong>Cf.</strong></span> <span class='ocrx_word' id='word_1_336' title='bbox 1076 4396 1116 4454; x_wconf 85' lang='lat' dir='ltr'><strong>l.</strong></span> <span class='ocrx_word' id='word_1_337' title='bbox 1152 4415 1180 4449; x_wconf 86' lang='lat' dir='ltr'><strong>c</strong></span> <span class='ocrx_word' id='word_1_338' title='bbox 1233 4414 1291 4468; x_wconf 83' lang='lat' dir='ltr'><strong>p.</strong></span> <span class='ocrx_word' id='word_1_339' title='bbox 1335 4398 1449 4454; x_wconf 75' lang='lat'><strong>147.</strong></span> 
     </span>
    </p>
   </div>
   <div class='ocr_carea' id='block_1_7' title="bbox 3054 558 3060 699">
    <p class='ocr_par' dir='ltr' id='par_1_12' title="bbox 3054 558 3060 699">
     <span class='ocr_line' id='line_1_47' title="bbox 3054 558 3060 699; baseline 0 0"><span class='ocrx_word' id='word_1_340' title='bbox 3054 558 3060 699; x_wconf 66' lang='lat' dir='ltr'><strong>l</strong></span> 
     </span>
    </p>
   </div>
  </div>
 </body>
</html>
