3169 5038
1774 451 1815 514 4

922 658 1205 743 Oedipus
1266 659 1713 730 molestissima
1766 667 1913 744 post
1957 661 2235 742 itinera,
2292 678 2484 742 quum
2541 660 2862 741 Antigona

744 746 880 813 filia
950 748 1110 814 duce
1177 749 1261 814 ad
1330 748 1676 817 Furiarum
1742 752 1951 817 lucum
2017 752 2084 816 in
2142 750 2377 816 Colono
2434 767 2600 832 pago
2666 769 2861 832 prope

739 836 1026 906 Athenas
1087 838 1278 903 situm
1334 841 1735 921 pervenisset
1790 840 1995 905 fessus
2055 845 2122 906 et
2176 840 2311 922 jam
2367 838 2557 906 finem
2613 858 2859 906 aerum-

740 945 932 992 nosae
982 926 1154 993 vitae
1199 928 1460 995 subesse
1506 936 1802 1011 speraret
1845 929 2102 995 oraculo
2159 929 2391 1009 fretus,
2451 932 2646 995 etiam
2689 934 2859 1011 post—

736 1016 951 1095 remiS‚
1008 1033 1168 1097 quas
1229 1017 1409 1084 vivus
1469 1024 1731 1084 acturus
1791 1024 1960 1099 erat,
2029 1019 2231 1100 horiS‚
2289 1018 2537 1100 magnis
2594 1023 2863 1084 vexatur

738 1103 1075 1170 doloribus
1200 1105 1484 1172 Primum
1553 1107 1720 1172 enim
1784 1127 1900 1189 per
1961 1108 2278 1174 Ismenam
2334 1107 2530 1173 filiam
2591 1108 2862 1176 alteram

738 1193 973 1258 Thebis
1020 1194 1354 1260 advectam
1413 1195 1491 1260 de
1557 1197 1927 1263 tristissima
1986 1197 2262 1266 filiorum
2307 1196 2627 1285 Polynicis
2673 1197 2861 1263 Eteo-

740 1281 982 1364 clisque
1034 1282 1308 1352 dissidia
1352 1285 1588 1351 certior
1634 1285 1724 1351 fit.
1816 1285 2015 1351 Paulo
2061 1292 2207 1369 post
2251 1287 2445 1352 etiam
2495 1284 2703 1353 Creon
2748 1286 2861 1351 ad—

738 1373 947 1451 venit,
1019 1372 1127 1452 qui
1194 1373 1456 1439 oraculo
1513 1380 1775 1457 accepto
1834 1374 2247 1457 „Thebarum
2303 1376 2577 1444 salutem
2642 1394 2720 1440 ex
2789 1394 2862 1440 eo

738 1461 1047 1544 pendere,
1116 1467 1189 1527 ut
1247 1461 1477 1545 Oedipi
1531 1482 1764 1546 corpus
1821 1465 1922 1531 vel
1978 1467 2191 1533 vivum
2248 1465 2350 1531 vel
2409 1473 2729 1531 mortuum
2796 1465 2861 1529 in

734 1554 1119 1633 potestatem
1177 1569 1360 1617 suam
1422 1553 1897 1634 redigeretur“‚
1954 1555 2232 1637 primum
2291 1554 2546 1635 quidem
2610 1552 2863 1620 blandis

741 1638 959 1705 verbis
1006 1641 1238 1706 misero
1286 1640 1443 1720 seni,
1488 1649 1561 1707 ut
1609 1644 1674 1707 in
1719 1645 1999 1725 patriam
2043 1651 2427 1718 revertatur,
2473 1643 2865 1726 persuadere

739 1729 976 1804 studet,
1032 1734 1208 1811 post,
1269 1727 1378 1794 ubi
1435 1729 1599 1796 nihil
1655 1751 1722 1797 se
1778 1732 2088 1815 proficere
2147 1732 2468 1813 cognovit,
2529 1732 2613 1800 ad
2659 1734 2865 1799 minas

742 1818 1160 1900 progreditur
1206 1838 1412 1904 neque
1459 1820 1684 1887 irritas
1728 1822 2031 1902 relinquit
2076 1840 2205 1902 eas,
2261 1822 2378 1888 sed
2427 1821 2655 1904 Oedipi
2700 1821 2864 1890 filias

739 1925 856 1989 per
902 1908 1216 1974 satellites
1262 1908 1546 1992 abducit,
1605 1911 1758 1991 quin
1815 1911 2008 1976 etiam
2067 1911 2310 1994 Oedipo
2368 1912 2489 1993 ipsi
2549 1913 2679 1978 vim
2720 1912 2863 1978 illa-

739 2006 957 2061 turum
1001 2014 1070 2062 se
1118 2014 1257 2076 esse
1303 1998 1507 2079 addit,
1565 1999 1688 2065 nisi
1735 2019 1776 2065 a
1822 1999 2084 2080 Theseo,
2147 2001 2633 2073 Atheniensium
2689 2019 2862 2081 rege,

739 2086 1181 2167 impediretur.
1311 2087 1438 2168 Qui
1514 2089 1718 2155 tutela
1780 2090 1914 2172 jam
1983 2097 2175 2156 antea
2242 2090 2485 2173 Oedipo
2552 2091 2865 2173 promissa

742 2180 1081 2256 postquam
1151 2193 1482 2243 sacrorum
1548 2177 1851 2260 Neptuno
1920 2180 2356 2246 faciendorum
2424 2198 2618 2245 causa
2684 2178 2863 2260 abiit,

741 2281 906 2329 nunc
953 2265 1375 2332 altercatione
1423 2266 1654 2349 Oedipi
1706 2272 1773 2334 et
1820 2267 2114 2336 Creontis
2167 2266 2673 2349 clamoribusque
2733 2269 2860 2334 An-

738 2353 997 2435 tigonae
1059 2359 1124 2420 et
1169 2353 1342 2420 chori
1386 2355 1627 2421 incolas
1676 2355 1900 2422 Coloni
1956 2358 2042 2423 ad
2097 2375 2281 2439 opem
2343 2358 2672 2424 ferendam
2717 2376 2860 2424 evo-

739 2442 944 2508 cantis
1013 2443 1330 2510 excitatus
1397 2445 1662 2511 advenit
1716 2454 2164 2530 compertoque
2223 2447 2376 2529 quid
2448 2447 2687 2512 factum
2756 2448 2859 2526 sit,

741 2531 1083 2599 Creontem
1130 2535 1319 2615 cogit,
1388 2541 1463 2601 ut
1518 2537 1725 2617 ipsum
1782 2538 1864 2602 ad
1921 2556 2062 2602 eum
2122 2538 2397 2604 deducat
2450 2537 2677 2615 locum,
2737 2553 2858 2615 quo

740 2623 1125 2702 Antigonam
1196 2623 1635 2705 Ismenamque
1708 2627 2130 2692 occultaverit
2196 2629 2501 2710 captivas,
2625 2623 2858 2688 Omnes

737 2712 937 2793 igitur
997 2716 1259 2793 praeter
1320 2712 1636 2796 Oedipum
1696 2715 2079 2798 chorumque
2138 2715 2376 2782 abeunt
2434 2714 2713 2796 virgines
2759 2731 2857 2777 re-

737 2801 1138 2883 cuperaturi;
1201 2801 1432 2867 chorus
1494 2809 1711 2868 autem
1770 2805 2018 2871 interea
2081 2807 2341 2872 stasimo
2401 2805 2606 2871 altero
2654 2802 2858 2868 elatus

737 2908 849 2973 spe
895 2906 1033 2956 rem
1070 2888 1241 2956 bene
1285 2910 1423 2958 esse
1469 2897 1842 2959 eventuram
1891 2894 2154 2961 deorum
2191 2896 2492 2977 implorat
2537 2910 2739 2976 opem,
2787 2899 2859 2955 ut

738 2981 943 3046 victor
966 2980 1252 3046 Theseus
1299 3000 1377 3046 ex
1422 3000 1640 3064 pugna
1686 2989 1910 3050 contra
1938 2983 2281 3051 Thebanos
2329 2985 2607 3050 instante
2633 2982 2860 3095 redeat

737 3067 1025 3151 filiasque
1067 3071 1240 3150 patri
1285 3071 1522 3137 reddat
1566 3072 1933 3139 incolumes.

916 3156 1160 3238 Quibus
1225 3160 1311 3225 ad
1372 3161 1853 3244 intelligendum
1920 3180 2136 3227 rerum
2193 3165 2430 3226 statum
2492 3157 2858 3241 praemissis

739 3248 823 3315 ad
855 3247 1252 3331 singulorum
1284 3268 1580 3316 versuum
1605 3252 2199 3334 interpretationem
2224 3250 2323 3315 vel
2350 3248 2854 3314 emendationem

780 3337 1136 3419 rogrediar.

736 3357 778 3420 p
912 3427 1200 3492 Primum
1248 3427 1478 3494 chorus
1525 3433 1727 3510 optat,
1788 3434 1860 3495 ut
1918 3446 2170 3511 pugnae
2230 3427 2453 3493 adesse
2500 3423 2623 3491 sibi
2669 3426 2859 3492 liceat

735 3517 953 3618 itaque
998 3521 1274 3582 v.1044
1320 3534 1450 3598 sqq
1505 3518 1663 3584 dicit
1708 3520 1852 3603 εἴην
1899 3518 2020 3585 οθι
2074 3517 2280 3583 δαϊων
2311 3563 2537 3583 .....
2614 3513 2858 3595 Quibus

733 3605 800 3669 in
845 3604 1138 3671 versibus
1171 3604 1369 3671 verba
1403 3602 1672 3693 ἀνδρῶν
1720 3607 1929 3673 ὸαΐων
1974 3600 2148 3694 ‘vax'
2183 3608 2595 3692 ἐπιστροφαί
2623 3623 2662 3670 a
2695 3604 2856 3669 Doe-

737 3695 984 3760 derlino
1063 3693 1223 3760 falso
1293 3713 1476 3762 versa
1542 3712 1681 3762 esse
1751 3695 1905 3762 mihi
1971 3695 2272 3761 videntur
2338 3713 2454 3777 per
2532 3696 2856 3775 „impetus

733 3784 1045 3860 hostilis&
1094 3802 1240 3849 nam
1288 3804 1412 3850 non
1458 3785 1675 3850 hostes
1719 3786 1761 3851 i.
1800 3805 1854 3851 e.
1909 3783 2196 3850 Thebani
2241 3784 2547 3866 impetum
2593 3783 2854 3862 faciunt,

735 3874 849 3939 sed
919 3873 1149 3939 Thesei
1215 3875 1526 3940 satellites
1595 3874 1662 3938 in
1727 3874 1894 3939 illos.
2017 3874 2092 3938 ln
2159 3892 2233 3940 re
2301 3874 2563 3939 militari
2638 3878 2851 3938 autem

736 3955 1184 4048 ἐπιστροφή,
1190 3962 1465 4044 ,‚dicitur
1511 3962 1760 4044 quoties
1806 3965 2125 4031 exercitus
2178 3962 2279 4029 vel
2325 3964 2549 4028 cohors
2596 3979 2853 4027 conver-

737 4053 914 4118 sione
961 4051 1133 4117 facta
1178 4052 1246 4115 in
1289 4052 1537 4119 hostem
1582 4051 1683 4117 fel
1686 4057 1854 4133 tur
1902 4054 2070 4135 quod
2118 4053 2519 4167 Musgravius
2565 4051 2853 4132 exemplo

733 4161 812 4207 ex
858 4140 1025 4207 Plut.
1087 4140 1310 4206 Timol.
1369 4160 1431 4223 p.
1482 4146 1635 4223 249,
1693 4141 1754 4207 d.
1811 4166 2074 4216 πυκνας
2136 4147 2200 4217 ἐξ
2260 4143 2684 4225 ἐπιστροφῆς
2732 4163 2846 4204 ποι

736 4229 948 4297 εἴσδαι
1019 4254 1144 4305 τας
1214 4224 1562 4306 ἐπελασεις
1629 4229 1925 4297 firmavit.
2042 4232 2246 4311 Quam
2304 4227 2851 4313 significationem,

737 4337 928 4401 quum
974 4320 1120 4389 huic
1163 4318 1303 4389 loco
1332 4318 1495 4388 bene
1525 4321 1862 4389 convenire
1899 4340 2017 4406 per
2048 4340 2114 4389 se
2145 4326 2366 4406 pateat
2413 4356 2495 4368 -—
2544 4337 2690 4385 nam
2738 4335 2846 4386 res
