3169 5038
1389 453 1427 519 3

355 667 724 748 discrepant
766 666 879 748 ita,
929 672 1000 732 ut
1043 685 1159 749 pro
1207 667 1442 733 usitato
1491 668 1785 732 trimetro
1833 667 2146 749 dactylico
2191 665 2474 733 habeant

352 757 725 834 dimetrum,
789 761 1073 822 attamen
1130 765 1429 822 accurate
1490 774 1777 823 severam
1837 755 2170 837 longarum
2228 757 2471 838 epitriti

354 846 627 911 thesium
673 863 957 910 normam
1004 848 1304 912 retinent.
1406 846 1591 911 Duae
1649 845 1800 911 illae
1847 845 2146 928 strophae
2194 850 2261 911 et
2305 846 2473 911 inter

348 953 418 1001 se
466 934 859 1016 discrepant.
908 935 1116 1000 altera
1160 954 1219 1001 v.
1252 939 1419 1000 1044
1446 952 1580 1016 sqq.
1636 934 1977 1002 dimetrum
2010 935 2230 1015 solum,
2265 933 2471 999 altera

352 1043 410 1089 v.
448 1028 616 1090 1074
642 1040 776 1105 sqq.
815 1029 1153 1105 utramque
1199 1024 1464 1089 formam
1512 1022 1768 1089 dimetri
1814 1029 1881 1090 et
1923 1024 2201 1089 trimetri
2251 1024 2470 1112 dacty-

349 1113 455 1179 lici
521 1111 868 1196 exhibet1).
985 1113 1245 1179 Initium
1304 1120 1517 1178 autem
1573 1114 1639 1178 in
1698 1118 1971 1193 utraque
2037 1112 2302 1194 stropha
2369 1132 2471 1178 ca-

352 1202 529 1283 pitur
575 1221 615 1267 a
661 1202 1075 1284 prosodiam,
1123 1221 1390 1283 quorum
1437 1204 1502 1267 in
1549 1202 1817 1284 stropha
1861 1208 1927 1267 et
1971 1202 2219 1268 autistr.
2252 1199 2292 1266 οἱ
2336 1207 2472 1268 tres

351 1291 709 1394 logaoedici
765 1292 1178 1373 praecedunt,
1238 1291 1317 1357 de
1375 1290 1604 1372 quibus
1660 1292 1817 1357 satis
1877 1294 2230 1374 expositum
2276 1290 2472 1373 inspi-

351 1382 483 1446 cias
538 1379 884 1446 Rossbach.
942 1386 1007 1447 et
1051 1380 1337 1462 Westph.
1394 1386 1578 1446 metr.
1637 1380 1679 1444 l.
1727 1399 1780 1446 c.
1828 1399 1889 1463 p.
1952 1386 2099 1447 494.
2170 1380 2474 1445 Boeckhii

351 1477 536 1535 metr.
571 1469 830 1536 Pindar.
879 1489 939 1553 p.
985 1474 1128 1536 138.
1176 1470 1530 1536 Hermanni
1563 1469 1745 1535 elem.
1780 1470 1980 1535 doctr.
2010 1474 2193 1535 metr.
2231 1489 2291 1552 p.
2318 1473 2467 1536 420.

357 1564 500 1625 556.
610 1557 707 1625 Cf.
776 1558 931 1627 Oed.
981 1560 1039 1623 R
1110 1564 1296 1625 1186.
1356 1558 1586 1625 Trach.
1637 1565 1782 1624 647.
1832 1564 1980 1626 953.
2039 1559 2251 1640 Antig.
2317 1563 2463 1627 354.

353 1648 566 1713 Etiam
625 1648 869 1714 alterae
926 1649 1173 1713 stasimi
1242 1648 1505 1713 secundi
1563 1649 1866 1731 strophae
1920 1648 2173 1714 initium
2230 1648 2469 1713 ducunt

352 1756 392 1803 a
458 1737 860 1819 prosodiaco,
938 1756 1063 1802 non
1131 1743 1345 1802 tamen
1415 1738 1813 1818 logaoedic0‚
1890 1737 2005 1805 sed
2073 1755 2246 1803 mere
2315 1755 2466 1803 ana·

351 1826 652 1909 paestico,
721 1828 901 1909 cujus
957 1832 1322 1893 contractae
1379 1833 1530 1892 sunt
1571 1826 1804 1893 theses.
1918 1826 2252 1894 Scribendi
2297 1827 2466 1891 enim

353 1921 505 1979 aunt
549 1916 895 1981 secundum
941 1918 1370 1999 conjecturam
1425 1916 1579 1981 mihi
1634 1915 1889 1997 quidem
1934 1913 2330 1997 probabilem
2374 1915 2466 1981 vi-

350 2023 507 2084 sam,
574 2023 736 2087 quae
807 2006 1129 2071 invenitur
1197 2006 1260 2071 in
1328 2004 1549 2071 Rossb.
1623 2012 1691 2072 et
1748 2005 2037 2111 Westph.
2104 2011 2284 2071 metr.
2345 2004 2462 2071 III.

347 2112 406 2176 p.
437 2097 564 2159 542
592 2113 686 2177 sq.
730 2114 790 2159 v.
824 2094 1023 2161 1074.
1073 2091 1354 2178 i'Qd‘ovg'
1383 2090 1430 2179 ἢ
1450 2089 1802 2199 μέλλους’
1830 2120 1853 2173 3
1903 2119 1988 2168 ως
2034 2100 2102 2158 et

733 2203 789 2249 v.
822 2189 1026 2250 1085.
1078 2179 1124 2248 ὦ
1173 2182 1316 2250 Ζεῦ
1365 2176 1716 2272 πάνταρχε
1761 2183 1968 2250 θεῶν.

521 2309 653 2376 Nec
707 2309 844 2373 sine
904 2328 1099 2376 causa
1153 2309 1273 2375 hoc
1328 2307 1612 2391 rhythmi
1666 2325 1901 2389 genere
1951 2306 2290 2389 Sophocles
2345 2306 2465 2374 hoc

347 2399 479 2464 loco
525 2415 678 2464 usus
725 2404 841 2476 est,
896 2400 1128 2481 quippe
1188 2416 1311 2480 quo
1373 2398 1663 2475 chorum,
1728 2396 1834 2477 qui
1891 2414 2003 2479 spe
2059 2402 2126 2463 et
2169 2396 2464 2479 opinione

347 2488 577 2555 Thesei
635 2487 896 2555 comites
951 2487 1543 2571 recuperandarum
1599 2486 1914 2567 virginum
1962 2504 2156 2552 causa
2204 2485 2464 2553 emissos

345 2578 754 2659 prosequitur
799 2584 867 2642 et
909 2579 1196 2659 quamvis
1243 2584 1456 2643 aetate
1501 2581 1842 2659 provectus
1885 2575 2111 2659 plenus
2157 2576 2463 2643 audaciae

346 2672 420 2732 ut
468 2684 724 2751 pugnae
770 2667 1092 2751 particeps
1136 2667 1253 2733 fiat
1298 2672 1509 2750 optat,
1571 2671 1765 2731 cantu
1820 2684 1935 2732 suo
1994 2665 2096 2731 vel
2140 2666 2462 2732 hominum

344 2756 600 2821 illorum
646 2756 745 2820 vel
793 2774 1098 2837 equorum
1145 2758 1460 2823 incessum
1505 2756 1863 2822 imitantem
1909 2755 2123 2821 facere
2161 2755 2364 2822 voluit
2381 2756 2460 2838 ²).

345 2845 442 2908 Ex
501 2843 793 2910 versibus
851 2848 957 2926 qui
1017 2852 1371 2928 sequuntur
1434 2864 1534 2910 vv.
1595 2849 1756 2912 1049
1806 2862 1897 2926 sq.
1960 2847 2069 2930 (=
2127 2850 2294 2909 1064
2339 2846 2463 2927 sq.)

343 2933 704 3015 explicatio,
763 2936 930 3016 quod
990 2935 1073 3001 ad
1132 2939 1470 3002 metricum
1519 2936 1753 2999 attinet
1794 2935 2133 3011 rationem,
2196 2931 2462 2999 difficul-

343 3028 511 3088 tates
557 3022 839 3105 praebet.
934 3025 1130 3090 Recte
1177 3031 1389 3091 autem
1438 3023 1762 3103 Bergerus
1781 3023 1833 3108 ³)
1874 3023 2259 3105 judicavisse
2288 3022 2464 3089 vide-

345 3118 471 3192 tur,
527 3118 821 3179 constare
875 3133 982 3179 eos
1029 3113 1415 3180 contendens
1462 3131 1545 3178 ex
1606 3112 1864 3193 epitrito
1925 3112 2026 3177 vel
2070 3113 2318 3179 conciso
2365 3111 2466 3177 vel

346 3219 714 3286 catalectico
760 3237 899 3286 cum
947 3221 1249 3289 anacrusi
1305 3225 1449 3302 (1¹
1410 3259 1480 3268 —
1511 3257 1557 3275 ψ
1589 3258 1660 3266 -
1686 3219 1789 3285 vel
1815 3232 1868 3266 21
1896 3231 1969 3267 -‘-
2000 3261 2046 3279 ψ
2080 3220 2229 3303 ι...),
2286 3219 2464 3302 cujus

345 3308 703 3391 exemplum
737 3310 1202 3393 (verumtamen
1235 3329 1378 3376 cum
1413 3309 1708 3375 trimetro
1744 3308 2063 3416 dactylico
2095 3309 2464 3378 catalectico

343 3398 774 3480 conjunctum)
836 3397 1027 3468 affert
1080 3399 1309 3466 Trach.
1369 3418 1428 3465 v,
1480 3403 1587 3464 94.
1637 3394 1721 3464 ὃν
1769 3397 1967 3464 αἰόλα
2010 3399 2022 3486 Ι
2062 3395 2182 3475 vv}
2232 3404 2461 3482 ἐναρι-

344 3491 586 3569 ζομένα
628 3488 835 3552 τίκτει
886 3492 1045 3570 ml„
1094 3495 1162 3555 et
1207 3490 1479 3555 dimetro
1528 3487 1845 3571 dactylico
1875 3507 2022 3555 cum
2053 3488 2313 3571 epitrito
2358 3506 2463 3554 ca-

341 3575 656 3641 talectico.
762 3574 1137 3645 Ceterorum
1195 3579 1427 3644 cantici
1483 3596 1786 3644 versuum
1840 3579 2111 3646 metrica
2163 3579 2332 3644 ratio
2387 3597 2465 3643 ex

343 3665 422 3729 iis
468 3683 635 3746 quae
681 3682 876 3746 supra
925 3669 1056 3734 dixi
1102 3669 1439 3751 perspicua
1487 3671 1587 3731 est
1606 3666 1676 3749 ⁴).

487 3842 529 3908 ¹)
588 3843 840 3899 Ceterum
894 3862 1014 3900 eam
1061 3845 1274 3901 dimetri
1332 3844 1587 3914 dactylici
1638 3844 1865 3901 formam
1913 3861 2016 3900 nec
2061 3846 2305 3902 Pindaro
2358 3847 2467 3918 ipui
2578 3861 2585 3869 ·

340 3915 655 3970 inusitatam
695 3914 882 3980 fuisse,
935 3920 1212 3988 Bergems
1261 3916 1524 3987 exemplis
1574 3916 1977 3981 demonstravit,
2017 3935 2176 3988 quem
2215 3918 2467 3973 conferas

342 3986 379 4039 l
418 4000 466 4038 c
484 4002 543 4123 ’ξ’
587 3989 671 4112 (351).
705 4005 899 4125 setiam,
958 4059 1104 4130 quod
1150 4060 1203 4112 in
1251 4060 1453 4115 Rossb.
1504 4062 1560 4112 et
1595 4059 1841 4131 Westph.
1892 4063 2042 4117 metr.
2093 4061 2289 4115 dicitnr
2332 4060 2366 4113 l.
2417 4075 2465 4117 c.

342 4145 397 4200 p
438 4127 660 4266 5:⁴23?
647 4215 680 4253 c
732 4217 788 4271 p.
824 4200 893 4257 43
930 4217 1054 4272 sqq.

488 4271 533 4340 ⁴)
570 4271 656 4328 Of.
696 4270 996 4328 Gleditech.
1037 4271 1631 4344 opusculum„Met1-ik
1666 4272 1762 4327 der
1791 4272 2038 4344 sophokl
2068 4271 2376 4343 Strophen‘·
2412 4273 2468 4331 iu

348 4358 531 4415 progr.
574 4359 752 4417 gymn.
792 4360 906 4416 reg.
943 4344 1213 4405 Frideric.
1252 4343 1504 4403 Guilelm.
1541 4343 1720 4400 Berol.
1764 4344 1900 4403 1867
1938 4344 2017 4412 (et
2054 4344 2227 4412 1868).
