3169 5038
1736 421 1817 484 34

895 629 1266 712 Complures
1321 632 1708 712 interpretes
1777 649 1853 694 ex
1911 631 2228 712 exemplis
2281 649 2335 694 v
2395 634 2521 695 294
2581 654 2708 695 του
2692 621 2825 696 ὀδε

716 718 922 803 τῆσδε
967 722 1091 807 γῆς
1139 715 1438 791 ἄνακτας
1485 725 1552 785 et
1598 737 1655 783 v·
1694 724 1819 785 884
1867 714 1942 782 ἰω
1974 721 2098 807 γᾶς
2146 711 2416 802 πρόιιοι,
2463 718 2572 784 ubi
2604 728 2823 802 aperte

714 826 876 874 unus
923 813 1174 873 tantum
1220 807 1515 890 princeps
1572 807 2024 890 intelligendus
2082 813 2199 888 est,
2258 807 2451 873 etiam
2497 826 2652 874 voce
2697 807 2821 874 δα.-

709 891 987 984 μούχοις
1048 897 1360 961 Theseum
1424 897 1749 978 designari
1810 896 2221 977 collegerunt.
2317 895 2442 962 Sed
2488 897 2678 963 aliter
2723 915 2827 963 res

715 986 776 1049 in
827 984 1173 1072 ὃαμοῦχος
1220 1004 1287 1052 se
1334 985 1546 1054 habet.
1618 988 1972 1072 Δαμοῦχος
2011 987 2269 1068 proprie
2301 1004 2429 1051 non
2457 986 2826 1069 principem,

714 1074 825 1138 sed
873 1092 1016 1138 eum
1064 1075 1173 1156 qui
1222 1075 1434 1158 δῆμον
1481 1082 1658 1140 tenet
1705 1074 2041 1155 signifieat,
2089 1076 2193 1157 qui
2244 1080 2309 1140 et
2351 1076 2649 1158 princeps
2695 1075 2829 1156 ipse

714 1168 928 1228 terrae
987 1168 1053 1228 et
1112 1163 1322 1229 incola
1381 1182 1518 1229 esse
1574 1170 1802 1246 potest.
1906 1163 2132 1245 Itaque
2190 1165 2383 1230 etiam
2429 1171 2646 1230 nostro
2693 1164 2828 1230 loco

718 1247 1094 1339 διιμούχοις
1166 1255 1332 1318 verti
1402 1258 1616 1335 potest
1671 1257 1735 1317 et
1793 1270 1909 1334 per
1969 1254 2320 1335 ‚‚principi“
2380 1289 2462 1301 -
2519 1253 2826 1335 siquidem

717 1341 1006 1421 exempla
1037 1359 1233 1424 supra
1273 1348 1647 1425 comparata
1678 1343 2050 1424 respicimus
2099 1381 2182 1391 —
2228 1348 2293 1407 et
2337 1360 2454 1424 per
2501 1342 2828 1421 ,‚incolis“,

714 1447 982 1511 quarum
1041 1432 1366 1496 notionum
1427 1439 1637 1497 utram
1697 1432 1761 1496 in
1824 1437 2035 1498 mente
2083 1430 2383 1497 habuerit
2425 1436 2636 1514 poeta,
2706 1450 2828 1496 non

717 1536 832 1599 pro
879 1525 1054 1584 certo
1101 1522 1425 1603 explorari
1473 1525 1703 1603 potest,
1751 1538 1899 1587 nam
1945 1527 2012 1586 et
2043 1521 2325 1587 Theseus
2371 1521 2507 1603 ipse
2539 1526 2606 1587 et
2635 1520 2829 1586 Athe-

714 1608 967 1673 nienses
1017 1607 1404 1692 Coloniiqne
1463 1629 1732 1691 quorum
1777 1628 1891 1674 rex
1938 1616 2101 1691 erat,
2156 1628 2407 1694 pugnae
2454 1611 2828 1676 intererant

715 1697 859 1762 Jam
918 1699 1324 1780 perspicuum
1383 1706 1509 1779 est,
1565 1697 1862 1764 vocabuli
1912 1699 2137 1786 δαμοῦ
2143 1724 2258 1788 χος
2304 1697 2832 1781 significationem

718 1784 993 1872 ,δῆμον
1039 1790 1355 1854 tenentis“
1402 1789 1564 1854 adeo
1611 1788 1966 1870 evanuisse,
2013 1793 2085 1853 ut
2133 1795 2310 1877 ἐχειν
2355 1787 2536 1854 verbi
2584 1793 2830 1854 tantum

719 1881 1018 1955 „“tenere
1075 1879 1247 1943 notio
1305 1879 1721 1959 remanserit,
1783 1877 1948 1959 quod
2012 1896 2095 1942 ex
2152 1855 2401 1983 adjecto
2457 1879 2582 1963 γᾶς
2628 1875 2832 1943 τᾶσδε

715 1965 830 2030 hoc
878 1965 1016 2030 loco
1063 1973 1129 2032 et
1174 1986 1231 2031 v.
1289 1972 1457 2033 1348
1506 1967 1716 2050 mode
1764 1966 1977 2051 dmm
1982 1990 2098 2055 χος
2145 1960 2405 2054 χθονός
2450 1982 2831 2046 cognoscere

713 2054 879 2119 licet.

892 2142 1075 2221 Quod
1136 2161 1191 2209 v
1250 2147 1415 2213 1088
1488 2146 1802 2212 traditum
1870 2153 1968 2211 est
2025 2150 2386 2211 ἐπινικείωι
2448 2143 2622 2208 ‹reso-
2627 2167 2680 2207 ει
2741 2143 2831 2226 (in

716 2233 1102 2315 apographis
1173 2235 1503 2320 ἕπινικίω)
1578 2236 1984 2302 Hermannus
2054 2234 2118 2299 in
2191 2232 2424 2298 σθένει
2498 2231 2834 2297 ἐπινικείω

720 2323 1114 2403 transposuit
1157 2325 1425 2390 metrica
1471 2322 1808 2408 flagitante
1855 2325 2122 2390 ratione.
2200 2322 2434 2388 Notum
2469 2323 2681 2386 autem
2717 2329 2835 2402 est,

716 2429 906 2493 quam
954 2429 1146 2492 saepe
1192 2413 1586 2480 inversiones
1633 2413 2084 2507 vocabulorum
2121 2414 2185 2478 in
2217 2417 2398 2476 textu
2430 2407 2835 2476 inveniantur

718 2501 942 2566 velut
924 2521 991 2566 ln
1026 2500 1121 2567 El.
1155 2521 1212 2568 v.
1249 2507 1377 2570 530
1427 2529 1544 2578 σος
1579 2494 1661 2569 οὗ
1671 2529 1783 2577 τος
1827 2521 1946 2586 pro
1979 2494 2182 2572 οὗτος
2229 2495 2347 2574 σός
2394 2498 2585 2586 (Erf)
2616 2518 2674 2565 v.
2704 2504 2832 2567 818

718 2608 835 2671 pro
873 2584 1242 2666 ξύνοικος”
1207 2588 1392 2676 εσομ’
1423 2591 1630 2679 (ἔσσομ
1635 2619 1658 2658 ι
1690 2611 1771 2658 m
1804 2598 1956 2671 ree.)
2005 2591 2284 2659 correxit
2313 2591 2562 2658 DaweS.
2591 2595 2831 2675 ἔσομαι

688 2738 700 2752 ,
719 2675 1041 2759 ξύνοικος,
1090 2679 1250 2747 Oed.
1294 2680 1368 2748 R.
1416 2700 1475 2747 v.
1515 2682 1643 2747 719
1688 2699 1805 2765 pro
1855 2707 1947 2753 εις
1994 2679 2259 2768 ἄβατον
2308 2676 2464 2764 ὄρος
2510 2677 2833 2758 Musgrav.

718 2764 986 2853 ἶβατον
1060 2772 1155 2843 εἰς
1226 2765 1383 2853 ὄρος
1450 2771 1777 2853 multaque
1847 2770 1974 2837 alia
2038 2768 2329 2852 exempla
2348 2770 2394 2852 ¹)
2533 2766 2831 2833 Ceterum

722 2856 975 2929 σθένος
1022 2858 1395 2924 ἐπινίκειον
1442 2859 1602 2925 nihil
1649 2861 1825 2926 aluid
1872 2867 2005 2939 est,
2063 2876 2253 2942 quam
2300 2859 2552 2929 σθένος
2590 2852 2672 2920 τό
2723 2857 2832 2920 ἐπὶ

726 2944 873 3033 νίκῃ
921 2945 1003 3011 ad
1051 2947 1220 3029 quod
1253 2946 1661 3016 Hei-mannus
1693 2948 1883 3016 affert
1914 2969 1994 3014 ex
2029 2949 2250 3015 Aesch
2292 2944 2570 3028 Choeph
2621 2963 2677 3010 v.
2710 2949 2834 3009 475
2897 2946 2916 2969 ⁶

723 3029 1021 3120 ‘asportet'
1083 3030 1353 3123 α’ρωγήν
1411 3044 1656 3103 παισὶν
1718 3034 2125 3141 προφρόνως
2185 3037 2296 3101 ἐπι
2358 3039 2532 3122 νῖκῃ.
2577 3053 2637 3099 v.
2688 3039 2834 3099 868.

719 3123 983 3188 Eumen.
1035 3143 1091 3192 v.
1148 3129 1334 3191 1011
1385 3126 1919 3194 Trach.V.186.
2003 3122 2236 3214 Λόχος
2289 3124 2391 3190 hic
2440 3140 2564 3188 non
2611 3123 2837 3188 locum

717 3214 780 3277 in
829 3229 953 3293 quo
1000 3215 1139 3296 quis
1188 3215 1536 3282 insidiandi
1583 3235 1777 3282 causa
1824 3215 2168 3282 collocatus
2212 3221 2329 3285 est,
2377 3213 2492 3278 sed
2523 3198 2836 3278 actionem

716 3301 1061 3368 insidiandi
1108 3303 1310 3385 ipsam
1360 3305 1403 3374 i.
1437 3325 1493 3373 e.
1542 3306 2032 3387 expeditionem
2078 3321 2267 3386 quam
2301 3302 2585 3368 Theseus
2616 3308 2840 3366 contra

716 3389 1055 3457 Thebanos
1123 3393 1415 3461 facturus
1477 3400 1640 3472 erat,
1708 3394 2044 3476 significat.
2162 3394 2286 3458 Per
2339 3391 2661 3474 prolepsin
2725 3389 2838 3456 ad-

706 3482 948 3560 jectum
997 3487 1095 3547 est
1140 3474 1269 3547 «τόν
1317 3480 1640 3572 εὕαγρον,
1701 3486 1810 3565 qui
1872 3501 2025 3549 usus
2050 3479 2620 3587 frequentissimus
2666 3479 2838 3563 apud

712 3574 937 3651 poetas
993 3577 1108 3636 est.
1205 3568 1300 3636 Cf.
1349 3570 1533 3638 Hom.
1570 3572 1644 3637 B.
1684 3577 1812 3638 416
1856 3564 2223 3655 Ἑκτόρεον
2272 3570 2342 3636 δι,-
2390 3569 2642 3657 χιτῶνοι
2688 3569 2841 3652 περὶ

715 3654 1051 3743 στήθεσσι
1104 3659 1320 3733 δαΐξαι
1372 3663 1592 3770 χαλκῷ
1642 3661 1992 3748 ριιραλεόν.
2048 3660 2125 3731 Ξ
2163 3665 2219 3725 6.
2253 3659 2320 3725 al
2386 3656 2682 3765 Aeschyl.
2719 3658 2835 3737 Ag.

712 3751 994 3812 v.1247
1044 3744 1349 3834 εὔφημοι
1397 3743 1444 3814 ὦ
1475 3742 1811 3854 τάλαινα,
1882 3773 2252 3854 κοιμησον
2279 3742 2527 3832 στόμα.
2648 3745 2835 3851 Soph.

718 3835 874 3902 Oed.
937 3836 1007 3900 C.
1065 3840 1348 3903 v.1·200
1408 3840 1543 3904 τῶν
1611 3840 1750 3903 σοῖν
1808 3833 2151 3922 οἶδε’ρκτων
2211 3832 2554 3926 ὀμμάτων
2613 3858 2835 3920 τητω-

717 3950 925 4010 μενος
973 3927 1072 4009 Aj.
1122 3945 1178 3991 v.
1219 3932 1319 3993 69.
1376 3931 1519 3993 430
1570 3926 1666 3992 El
1722 3947 1779 3995 v,
1819 3932 1966 3993 741.
2014 3927 2100 3994 al.
2135 3925 2287 3993 Eur
2322 3923 2557 3993 Bacch.
2582 3942 2639 3988 v
2672 3928 2838 3990 1055

716 4019 1114 4100 καταρρυεῖς
1163 4017 1365 4101 μηροὶ
1419 4019 1775 4100 καλυπτῆς
1838 4018 2161 4091 ἐξέκειντο
2222 4015 2537 4099 «πιμελῆς.
2631 4013 2840 4092 Rogat

714 4104 911 4184 igitur
973 4104 1202 4170 chorus
1274 4105 1511 4171 Jovem.
1589 4112 1658 4170 ut
1721 4103 2220 4171 Atheniensibus
2291 4102 2535 4168 victrici
2604 4101 2853 4169 robore.

864 4299 897 4361 ¹}
937 4298 1009 4352 Cf
1054 4300 1344 4385 Wecklinii
1386 4301 1423 4363 l.
1461 4318 1505 4354 c.
1548 4319 1599 4373 p.
1640 4302 1724 4356 61.
