3169 5038
1396 459 1482 532 ’δ’-1

378 677 641 774 hujusce
730 680 1021 762 opusculi
1067 680 1209 764 plus
1265 695 1469 762 aequo
1514 677 1878 746 extendam.
1970 675 2238 744 'Accedit
2281 657 2490 744 altera

381 769 595 848 causa,
641 785 763 835 cur
803 768 1095 853 singulas
1135 772 1421 837 virorum
1454 771 1785 838 doctorum
1816 767 2166 833 sententias
2194 766 2490 834 refellere

382 858 857 964 supersedeam.
949 860 1252 940 Quamvis
1298 859 1467 927 enim
1521 858 1864 925 clarissimi
1917 866 1986 923 et
2029 857 2189 923 artis
2232 856 2494 926 ciuicae

379 947 753 1028 peritissimi
797 948 920 1016 viri
965 950 1397 1032 corruptelam
1455 950 1603 1015 huic
1660 948 1798 1016 loco
1855 947 2066 1012 inesse
2110 948 2492 1027 censuerint,

379 1040 668 1103 attamen
712 1039 1027 1121 equidem,
1073 1045 1148 1105 ut
1190 1055 1357 1122 quae
1404 1039 1680 1106 maximo
1726 1053 2035 1104 consensu
2065 1037 2348 1101 omnium
2391 1052 2493 1102 co·

380 1124 611 1205 dicum,
645 1163 732 1175 —-
764 1127 1115 1196 minoribus
1146 1131 1257 1212 qui
1291 1130 1595 1195 dicuntur
1626 1146 1753 1194 non
1782 1124 2050 1191 multum
2083 1124 2494 1191 tribuendum

382 1220 491 1280 esu
525 1219 928 1285 auctoritatis
974 1255 1060 1268 -
1108 1219 1290 1286 nobis
1321 1220 1567 1285 tradita
1597 1222 1765 1295 sunt,
1812 1214 2194 1297 conjecturis
2224 1215 2494 1296 prolatis

378 1304 664 1371 reddam·
705 1305 1139 1389 probabiliora
1198 1325 1393 1390 quam
1455 1308 1666 1375 obiter
1718 1305 2080 1387 inspicienti
2140 1312 2497 1400 appareant

379 1393 613 1462 adduci
678 1413 805 1461 non
873 1414 1159 1480 possum
1235 1402 1798 1464 commentatorem
1875 1409 2000 1458 non
2069 1393 2494 1460 correctorem

379 1482 559 1550 locus
598 1486 930 1566 requirere
962 1486 1117 1553 mihi
1148 1486 1424 1554 videtur.
1495 1487 1661 1553 Nam
1692 1485 1816 1552 etsi
1845 1500 2008 1564 quae
2040 1483 2125 1549 sit
2154 1482 2495 1549 verborum

380 1574 771 1640 constructio
839 1576 1174 1658 aptissima
1241 1574 1701 1659 quaerentibus
1767 1572 2130 1641 accuratius
2192 1581 2263 1637 ut
2317 1571 2492 1639 locus

378 1664 807 1745 perspiciatur
836 1682 1095 1733 necesse
1123 1672 1243 1748 est,
1289 1672 1580 1733 attamen
1611 1666 1667 1731 si
1697 1664 1783 1731 ad
1813 1662 2202 1729 sententiam
2225 1667 2495 1744 spectes,

379 1752 577 1855 plana
624 1760 777 1819 sunt
827 1756 1059 1822 omnia.
1165 1756 1413 1822 Chorus
1464 1763 1712 1838 optans,
1771 1767 1845 1819 ut
1898 1750 2229 1818 columbae
2279 1752 2494 1817 instar

379 1842 459 1907 ιιι
475 1841 711 1908 nubem
741 1844 1000 1910 avolare
1031 1844 1154 1911 sibi
1191 1846 1402 1924 liceat,
1447 1846 1607 1911 haec
1654 1843 1837 1910 dicit:
1885 1841 2174 1921 „utinam
2204 1835 2497 1907 columba

380 1929 647 2014 rapida
658 1932 1003 2000 celerivola
1047 1934 1402 2001 aetheriam
1447 1933 1683 2001 nubem
1728 1947 2036 2013 assequar
2081 1936 2149 1996 et
2191 1929 2364 2056 quod
2397 1930 2496 1996 ad

380 2021 635 2087 oculum
679 2037 892 2087 meum
936 2024 1198 2106 attinet,
1251 2039 1532 2118 pugnam
1589 2025 1796 2108 ipsam
1843 2020 2266 2126 adspiciensf‘
2357 2020 2495 2086 Pri-

381 2125 554 2176 mum
596 2107 870 2193 'quidem
927 2113 995 2178 et
1052 2107 1367 2221 αιθερῗἀς
1422 2112 1709 2198 νεφέλας
1765 2117 1834 2178 et
1879 2103 2171 2176 αὐτῶνθ
2216 2101 2263 2174 α’
2261 2131 2496 2195 γωνων

377 2201 665 2283 pendent
707 2218 748 2267 a
793 2200 992 2270 verbo
1037 2195 1397 2309 κύρσαιμις
1455 2208 1526 2270 at
1580 2202 1851 2270 diversis
1905 2198 2111 2264 modis
2160 2196 2496 2264 dicebatur

381 2284 703 2373 κύρσαιμι
766 2294 1053 2376 vem-{2029
1108 2297 1177 2358 et
1231 2284 1552 2379 κύρσαιμι
1619 2284 2328 2379 οἶγώιων.Α11,οι-ιιιῐι
2353 2303 2496 2369 pro-

380 2378 557 2460 pris
546 2378 873 2445 alterum·
868 2379 1095 2447 -minus
1139 2383 1402 2464 proprie
1449 2382 1691 2448 dictum
1736 2386 1863 2462 est,
1922 2396 2072 2446 nam
2115 2374 2350 2442 nubem
2395 2391 2498 2456 co-

381 2465 605 2536 lumba
651 2469 799 2551 ipsa
852 2471 1247 2553 assequitur,
1302 2485 1619 2563 pugnam
1632 2489 1668 2537 e
1711 2468 1880 2537 nube
1927 2467 2295 2550 inspectans
2341 2471 2496 2534 uon-

381 2559 502 2624 nisi
567 2559 821 2625 oculis-f
900 2561 1128 2646 Itaque
1192 2569 1405 2645 poeta,
1473 2558 1548 2628 ut'
1617 2560 1859 2629 clarior
1923 2557 2111 2626 fieret
2175 2575 2302 2638 res,
2369 2572 2496 2638 quo

383 2649 742 2759 posterior„
747 2649 985 2717 locutio
1016 2650 1433 2735 discrepabat
1462 2671 1502 2718 a
1532 2651 1769 2755 priore,
1818 2648 2057 2730 adjecit
2089 2640 2495 2731 θεωρήσασα

381 2729 652 2822 τούμόν
690 2730 934 2843 ὄμμα.
1016 2739 1160 2807 Νοιι
1221 2746 1437 2810 tamen
1480 2760 1587 2810 res
1634 2741 1728 2808 ita
1771 2736 2189 2819 intelligenda
2233 2739 2364 2815 est,
2411 2740 2501 2801 ut

380 2826 807 2930 conjungatur
852 2820 1180 2917 κύρσαιμι
1213 2825 1647 2916 θεωρήσασα,
1689 2847 1870 2896 nam·
1864 2832 2054 2893 recte
2086 2825 2498 2890 Hermannus

382 2916 447 2980 in
486 2917 729 2998 priore
749 2916 1029 2985 editione
1074 2918 1435 3000 adnotavit,
1489 2920 1792 3002 frequens
1836 2928 1978 2985 esse
2017 2916 2310 2999 J'unctum
2351 2930 2499 2980 cum

379 3006 718 3089 participio
765 2996 1015 3093 κὺρεῖν,
1062 3025 1285 3075 rarum
1332 3003 1581 3094 κύρειν,
1641 3009 1813 3076 unde
1870 3008 2163 3090 sequitur
2215 3000 2494 3111 θεωρή-

382 3118 561 3161 σασα
598 3113 727 3162 ιιοιι
771 3098 1234 3179 grammaticae
1278 3099 1632 3166 secundum
1676 3099 1851 3179 leges
1896 3115 2041 3164 cum
2085 3092 2281 3161 verbo
2328 3087 2494 3197 agniq-

381 3206 575 3269 σαιμι
620 3202 764 3253 esse
808 3189 1328 3270 construendum,
1372 3189 1487 3255 sed
1517 3188 1603 3254 ad
1636 3182 1958 3274 κύρσαιμι
1992 3176 2283 3252 αντῶνδ
2313 3175 2494 3270 alym-

358 3294 523 3348 ,mv
564 3275 927 3357 explicandi
973 3295 1166 3344 causa
1205 3296 1346 3345 esse
1379 3277 1689 3345 additum
1759 3277 2065 3345 Videmus
2111 3272 2326 3351 etiam,
2368 3286 2504 3353 qua

382 3361 462 3428 de
507 3379 702 3430 causa
742 3366 1131 3447 particulam
1178 3365 1253 3433 δέ
1294 3386 1411 3451 pro
1457 3368 1689 3450 copula
1736 3365 2107 3434 adhibuerit
2148 3368 2374 3445 poeta:
2424 3367 2498 3428 ut

382 3448 694 3534 diversas,
739 3452 970 3536 quibus
1001 3455 1245 3523 chorus
1264 3458 1497 3525 nubem
1528 3475 1657 3523 una
1687 3475 1829 3524 cum
1862 3452 2213 3525 certamine
2242 3452 2506 3559 assequi·

381 3540 543 3609 velle
590 3543 846 3624 dicitur,
892 3545 1263 3613 ostenderet
1316 3547 1624 3614 rationes:
1716 3546 1786 3614 Si
1833 3538 2066 3614 αὐτῶν
2110 3535 2171 3607 τ’
2215 3534 2508 3629 οἷ’γώνων

379 3632 779 3710 retinuisset,
836 3634 1058 3700 eodem
1114 3635 1313 3701 modo
1357 3642 1424 3702 et
1479 3636 1715 3703 nubem
1756 3641 1824 3702 et
1868 3640 2197 3702 certamen
2237 3630 2496 3712 assequi

380 3718 544 3789 velle
603 3722 869 3790 oliorum
924 3724 1298 3806 indicasset,
1362 3725 1532 3834 quod
1594 3724 1735 3792 fieri
1787 3725 2028 3806 nequit.
2132 3722 2496 3801 Quaeritur,

382 3824 657 3890 quanam
723 3811 1189 3895 significatione
1257 3807 1665 3898 θεωρήσασα
1733 3814 1853 3882 hoc
1921 3814 2057 3880 loco
2116 3816 2495 3892 usurpatum

381 3899 485 3964 sit.
592 3901 811 3969 Const.
858 3902 1275 3985 Matthiaeus‚
1339 3904 1448 3986 qui
1505 3903 1586 3970 de
1636 3904 1760 3972 hoc
1814 3903 1952 3970 loco
2016 3901 2256 3967 diserte
2301 3899 2498 3982 egit1)

381 3989 576 4058 etiam
623 3990 702 4058 de
748 3990 1212 4074 significatione
1256 3993 1437 4060 verbi
1469 3999 1760 4079 θεωρεῖν
1802 3993 1869 4059 ιιι
1910 4007 2186 4059 excursu
2215 3987 2299 4055 11.
2331 3988 2497 4069 eJus—

383 4080 525 4147 dem
579 4079 785 4149 libelli
805 4080 863 4171 ²)
932 4086 1114 4151 recta
1173 4081 1550 4211 disseruisse
1609 4082 1885 4149 videtur.
1990 4078 2261 4160 Propria
2329 4077 2506 4141 enim

525 4269 664 4436 ,ιω
697 4284 930 4368 qu'aestt.
966 4292 1133 4368 Sopb.
1170 4312 1228 4368 p.
1274 4292 1366 4354 151
1409 4311 1532 4366 sqq.

607 4376 661 4442 p
701 4362 810 4425 168
842 4380 964 4440 sqq.
