3169 5038
1346 447 1384 519 9

319 684 445 748 qua
492 666 576 731 de
624 685 818 733 causa
867 667 1120 733 dicendi
1165 670 1478 735 rationem
1511 685 1701 748 quam
1739 655 1880 731 α’πό
1928 669 2163 733 κοινοῦ
2210 671 2442 737 vocant

311 755 482 822 haud
541 756 694 836 jure
757 756 969 822 verbis
1028 757 1333 828 Πυθίαις
1401 754 1452 836 ἤ
1511 749 1868 840 λαμπάσιν
1940 748 2174 830 οἷκταῖς
2234 760 2439 824 inesse

310 845 692 910 scholiastes
741 846 975 926 docuit,
1024 865 1168 910 nam
1218 852 1489 927 uterque
1537 846 1711 910 locus
1762 843 1843 908 ad
1894 863 2069 910 mare
2117 847 2220 913 vel
2264 847 2438 913 haud

311 933 536 1015 procul
583 952 622 998 a
679 936 843 1000 mari
900 936 1060 1000 situs
1121 943 1278 999 erat.
1397 935 1619 1016 Neque
1689 939 1901 999 tamen
1959 953 2058 999 me
2116 935 2301 1017 fallit,
2373 937 2437 1001 id

312 1023 482 1104 quod
526 1023 936 1090 Hermannus
982 1023 1218 1104 aliique
1274 1026 2088 1099 rectissime-monuerunt,
2154 1026 2277 1091 iter
2322 1044 2440 1108 per

315 1111 713 1177 Marathonis
795 1113 1154 1193 regionem,
1246 1113 1557 1193 siquidem
1644 1113 1843 1178 deviis
1919 1112 2256 1179 Thebanos
2345 1115 2440 1179 uti

315 1200 588 1268 voluisse
634 1202 1037 1283 accipiamus,
1088 1208 1153 1266 et
1198 1202 1405 1283 ipsum
1452 1202 1651 1268 fuisse
1685 1201 1871 1266 nimis
1903 1200 2277 1282 flexuosum,
2326 1203 2441 1270 sed

312 1292 368 1356 si
415 1308 578 1371 quae
626 1291 921 1370 equidem
970 1291 1052 1356 ad
1100 1292 1480 1356 sententiam
1537 1309 1743 1357 meam
1800 1290 2203 1372 probandam
2250 1293 2439 1357 attuli

313 1385 711 1459 argumenta,
772 1381 981 1444 minus
1038 1380 1227 1445 alicui
1282 1380 1644 1461 probabilia
1705 1381 2067 1459 videantur,
2133 1382 2250 1446 hoc
2296 1400 2441 1448 con-

314 1469 650 1542 tenderim,
704 1470 912 1534 locum
958 1470 1082 1534 nisi
1130 1469 1386 1534 aliunde
1435 1471 1672 1536 clarior
1718 1470 2097 1551 apparuerit
2142 1470 2273 1549 luX,
2322 1487 2439 1553 pro

313 1565 486 1623 certo
538 1558 852 1640 explicari
899 1577 1022 1623 non
1069 1576 1274 1640 posse.

495 1647 565 1711 ln
613 1640 896 1730 λαμπάς
942 1648 1402 1729 adjectivorum
1460 1648 1525 1712 in
1576 1673 1656 1721 ας
1702 1648 2192 1713 terminatorum
2235 1646 2443 1710 instar

317 1742 621 1817 usurpato
681 1735 929 1801 etiamsi
986 1735 1142 1802 alibi
1198 1737 1421 1801 eodem
1480 1755 1605 1801 non
1665 1737 2027 1802 inveniatur
2095 1754 2246 1811 usu,
2317 1752 2444 1798 non

316 1832 456 1891 erat
500 1824 967 1917 offendendum,
1016 1844 1141 1908 qua
1187 1826 1267 1892 de
1315 1845 1507 1892 causa
1551 1825 1827 1892 Nauckii
1885 1826 2256 1908 conjectura
2314 1841 2442 1889 non

317 1933 471 1995 opus
516 1918 633 1980 est.

490 2003 726 2069 Sensus
773 2002 972 2081 igitur
1018 2004 1252 2068 cantici
1300 2004 1447 2069 inde
1495 2005 1575 2069 ab
1639 2005 1820 2069 initio
1879 2003 1961 2068 ad
2008 2022 2065 2068 v,
2123 2005 2291 2067 1048
2340 1999 2443 2064 hic

318 2098 442 2158 est:
488 2093 755 2159 Utinam
798 2108 1051 2172 pugnae
1099 2093 1408 2171 adessem,
1460 2112 1631 2180 quae
1677 2094 1811 2158 sive
1843 2111 1961 2174 per
1990 2094 2159 2156 viam
2190 2108 2443 2154 sacram

317 2181 446 2245 sive
515 2184 579 2246 111
650 2180 1052 2245 Marathonis
1121 2184 1446 2263 regionem
1515 2182 1914 2263 fugientibus
1984 2200 2125 2247 cum
2204 2180 2444 2244 nostris

313 2269 839 2351 persequentibus
887 2272 1337 2337 committetur.
1450 2274 1575 2351 Qui
1623 2273 1853 2337 exinde
1901 2275 2255 2352 sequuntur
2300 2285 2444 2333 ver-

313 2377 420 2423 sus
476 2358 840 2441 explicandi
906 2377 1099 2425 causa
1166 2361 1250 2425 ad
1321 2354 1678 2444 ἱαμπαὸες
1740 2354 1942 2426 α’κταί
2003 2359 2212 2425 additi
2273 2361 2441 2422 sunt.

318 2448 483 2514 Sunt
529 2453 742 2514 autem
787 2446 977 2514 haec:
1041 2441 1123 2514 οὗ
1171 2444 1453 2515 πότνιαι
1504 2444 1724 2555 σεμνοὶ
1773 2449 2237 2555 τιθηνουνται
2284 2446 2442 2529 τέλη

316 2544 715 2614 θνατοῖσιν,
789 2562 880 2601 ων
953 2546 1061 2604 καὶ
1130 2539 1372 2626 χρυσέα
1446 2535 1608 2625 xivg
1679 2543 1792 2604 ἐπὶ
1861 2532 2123 2626 γλυσσᾳ
2191 2536 2442 2623 βέβακε

316 2620 725 2709 προςπό).ων
790 2621 1266 2710 Ειῗιιολπιδᾶν.
1383 2626 1456 2692 In
1521 2611 1750 2709 quibus
1812 2627 2126 2693 traditum
2197 2631 2441 2709 σεμναί

316 2714 673 2780 Brunckius
735 2716 974 2795 primus
1032 2730 1097 2780 et
1157 2724 1302 2797 post
1353 2735 1497 2782 eum
1554 2735 1772 2782 omnes
1827 2717 2111 2781 editores
2179 2718 2442 2795 praeter

317 2803 860 2908 Doederlinum1),
910 2823 1102 2884 quum
1150 2825 1292 2871 cum
1337 2825 1393 2871 V.
1422 2807 1883 2888 antistrophico
1906 2823 2033 2869 non
2061 2808 2444 2882 congrueret

315 2894 379 2956 in
427 2885 626 2975 σεμνά
676 2899 1106 2960 mutaverunt.
1202 2895 1406 2973 Quam
1453 2914 1646 2978 saepe
1693 2902 1909 2960 autem
1955 2893 2188 2957 menda
2234 2892 2298 2954 in
2333 2889 2441 2954 So-

314 2983 556 3062 phoclis
601 2981 924 3049 codicibus
969 2983 1282 3048 similibus
1327 2982 1658 3050 vocabulis
1705 2986 2109 3050 vicinis-nam
2154 2980 2273 3044 hoc
2306 2979 2442 3044 loco

316 3069 561 3153 σεμναί
626 3089 744 3152 pro
809 3066 1025 3157 σεμνά
1086 3072 1516 3154 praecedente
1576 3067 1861 3137 πότνιαι
1927 3073 1991 3135 in
2054 3076 2303 3137 textum
2348 3070 2442 3131 in-

318 3163 505 3224 vasit·
508 3167 652 3225 orta
707 3161 855 3238 sint,
929 3161 1421 3228 innumerabiles
1489 3161 1838 3227 ostendunt
1904 3160 2059 3235 loci,
2131 3160 2311 3225 velut
2379 3158 2443 3221 in

313 3248 536 3313 eadem
592 3248 815 3315 fabula
869 3268 925 3314 v.
980 3255 1107 3317 320
1168 3251 1484 3337 σημαίνει
1541 3269 1658 3333 pro
1730 3250 1945 3316 σαίνει
2014 3254 2338 3351 sequente
2377 3246 2446 3310 in

313 3337 537 3403 eadem
589 3355 780 3403 versu
804 3360 1187 3443 σημαινει,
1244 3359 1304 3404 v.
1357 3345 1481 3406 735
1531 3332 1883 3422 τηλικόνδ’
1928 3356 2046 3422 pro
2107 3327 2443 3419 τηλικόςὸ’

311 3426 743 3529 praecedente
787 3419 1001 3507 ἄνδρα
1050 3426 1271 3507 τόνδε,
1317 3447 1374 3493 v,
1405 3433 1531 3495 816
1581 3426 1797 3492 ‘connis
1842 3447 1960 3510 pro
2009 3425 2234 3501 τοῦδε,
2296 3425 2447 3504 quia

315 3517 378 3581 in
440 3517 770 3597 superiore
827 3533 1016 3580 versu
1077 3522 1177 3581 est
1238 3517 1482 3599 τῶνδε,
1552 3515 1877 3597 multaque
1942 3516 2072 3582 alia
2134 3514 2444 3594 exempla,

312 3622 476 3685 quae
521 3621 901 3669 enumerare
951 3604 1211 3684 longum
1257 3612 1372 3670 est.
1478 3601 1772 3671 Πότνιαι
1810 3608 1971 3672 &sae
2020 3624 2060 3669 a
2105 3604 2446 3670 scholiasta

315 3687 752 3779 θεσμοφόροι
810 3693 1175 3776 appellatae
1232 3702 1382 3760 sunt
1427 3695 1624 3761 Ceres
1680 3702 1749 3760 et
1807 3693 2232 3775 Proserpina;
2303 3693 2446 3757 aliis

313 3782 466 3847 locis
490 3780 771 3868 μεγάλαι
809 3788 986 3859 θεαί,
1032 3801 1302 3864 quarum
1344 3776 1629 3871 αρχαῖον
1669 3779 2086 3867 στεφάνωμα
2124 3783 2448 3847 narcissus

315 3876 414 3936 est
482 3878 547 3935 et
616 3887 839 3937 crocus
908 3871 1091 3949 (Oed.
1139 3873 1209 3939 C.
1272 3891 1328 3939 v,
1382 3873 1555 3960 683)
1673 3871 1857 3950 Quod
1918 3877 2110 3955 poeta
2166 3871 2227 3935 h
2278 3871 2320 3934 l
2370 3869 2449 3933 de

316 3958 624 4025 ambabus
682 3959 925 4025 deabus
990 3961 1157 4028 idem
1220 3963 1363 4028 aliis
1420 3963 1574 4029 locis
1602 3962 1653 4043 2)
1726 3961 1804 4026 de
1860 3962 2252 4042 Proserpina
2309 3959 2449 4024 sola

316 4048 568 4116 Cereris
625 4052 955 4136 παρθένῳ
1019 4055 1288 4138 σεμνῶν
1360 4050 1756 4137 ,ιι-1νστηρ.·ων
1824 4051 1999 4120 dicit.
2117 4049 2313 4117 Ceres
2384 4054 2452 4114 et

459 4262 506 4402 ἕξ
538 4261 905 4407 ligare-421³·
