3169 5038
0 172 181 506 ,

1352 394 1434 457 33

328 610 592 670 vocetur
631 608 697 671 et
732 609 1043 670 contorta.
1126 605 1307 683 Quod
1340 605 1591 670 etiamsi
1622 601 1912 684 equidem
1944 617 2061 683 pro
2094 604 2269 667 certo
2301 618 2444 667 con-

330 693 596 759 tendere
622 712 747 759 non
781 694 1007 762 ausim,
1041 692 1233 759 aliam
1261 700 1474 759 tamen
1505 692 1709 773 magis
1735 691 1889 756 mihi
1920 690 2277 772 placentem
2298 707 2446 773 pro-

333 784 675 867 posuerim.
747 782 956 847 Velim
1003 789 1167 846 enim
1216 809 1247 846 τ
1261 778 1438 868 ozimi
1448 807 1485 847 ν
1534 778 1733 867 ὄμμα
1777 798 1894 863 pro
1936 781 2299 846 accusativo
2344 797 2442 844 re·

328 872 608 952 spectivo
632 869 971 952 habeatur,
1003 890 1128 953 qua
1151 873 1619 938 constructione
1643 870 1922 937 hocloco
1948 868 2239 934 adhibita
2263 885 2446 934 nemo

325 960 701 1041 mirabitur,
759 962 867 1043 qui
926 962 1245 1027 licentiam
1291 963 1606 1043 poeticam
1654 959 1826 1024 haud
1873 961 2146 1062 ignoret.
2235 957 2456 1036 Pauca„

327 1055 577 1115 tantum
625 1051 950 1131 exempla,
1024 1067 1187 1131 quae
1246 1052 1310 1117 in
1366 1050 1535 1117 hunc
1593 1051 1798 1115 locum
1843 1048 2082 1157 optime
2129 1046 2449 1153 quadrare

328 1140 650 1220 videntur,
714 1138 996 1205 afferam.
1101 1139 1290 1255 Soph.
1342 1140 1502 1205 Phil.
1566 1159 1629 1211 V.
1687 1140 1851 1206 1456
1899 1129 1980 1204 οὗ
2028 1130 2310 1203 πολλάκι
2363 1131 2446 1219 δή

330 1252 590 1312 rovum
641 1230 991 1333 ἐτέγχθην
1026 1225 1210 1314 κρυ-στ’
1244 1223 1635 1335 ἐτὸόμυχον
1668 1230 1956 1335 πληγῇσι
1994 1218 2225 1292 νότου.
2289 1224 2444 1290 Eur.

332 1317 571 1382 Phoen.
617 1336 676 1383 v.
730 1322 856 1383 335
907 1313 1082 1381 ὅθεν
1131 1317 1387 1403 &noima
1435 1312 1808 1423 λευκόχροα
1844 1316 2182 1421 κείρομαι.
2275 1314 2446 1382 Med.

335 1426 388 1471 V.
443 1411 614 1472 1398
676 1414 1019 1472 κατθανεῖ
1054 1442 1143 1453 --
1190 1400 1481 1513 Ἀργοῦς
1537 1400 1705 1489 κάρα
1776 1398 1901 1471 σόν
1970 1397 2267 1512 Γειψά1’ῳ
2323 1430 2451 1470 πε·-

332 1496 721 1582 sffehyffmvog
769 1494 909 1559 Hel.
951 1513 1007 1559 V.
1051 1499 1215 1561 1212
1266 1491 1451 1583 λύπῃ
1483 1491 1607 1569 σας
1647 1492 2063 1580 διέφθαρσαι
2098 1493 2353 1578 φρένας
2379 1491 2447 1577 1).

507 1583 728 1665 Neque
800 1584 863 1648 in
933 1603 1007 1649 eo
1078 1586 1232 1650 viris
1305 1584 1506 1649 doctis
1574 1589 1717 1649 erat
1772 1580 2221 1649 offendendum
2277 1581 2447 1664 quod

334 1673 563 1739 chorus
620 1693 698 1740 ex
760 1674 914 1738 viris
973 1680 1271 1739 constans
1341 1674 1418 1740 de
1477 1691 1545 1738 se
1601 1673 1757 1737 dicit
1803 1663 2229 1755 θεωρήσασα,
2300 1689 2448 1737 nam

333 1781 524 1844 quum
560 1762 934 1845 Sophoclem
972 1765 1225 1828 omnino
1272 1764 1443 1828 viles
1490 1780 1630 1828 cum
1679 1759 1971 1827 columba
2016 1758 2444 1826 conferentem

335 1852 686 1931 videamuS,
746 1870 941 1933 aegre
992 1853 1323 1918 ferendum
1371 1871 1495 1918 non
1539 1858 1655 1931 est,
1727 1850 1999 1917 eundem
2050 1854 2310 1932 poetam
2354 1848 2444 1914 fe-

327 1941 563 2093 minino
623 1942 718 2006 uti
770 1959 1030 2023 genere,
1095 1942 1263 2024 quod
1311 1960 1436 2007 non
1482 1951 1613 2007 tam
1659 1941 1740 2007 ad
1800 1939 2061 2006 chorum
2121 1956 2312 2020 quam
2359 1938 2444 2005 ad

386 2024 603 2103 &fivelg-
649 2030 1059 2095 referendum
1106 2039 1223 2098 est.
1309 2026 1797 2131 Taygtigipwovog
1828 2048 1869 2095 a
1900 2026 2093 2094 Verbo
2126 2027 2445 2116 ρυἱεσθαι,

326 2119 493 2201 quod
520 2119 873 2202 Hesychius
919 2138 1037 2201 per
1070 2099 1482 2198 σπουδάζειν
1527 2118 1806 2221 exponit,
1853 2115 2172 2199 signifieat
2219 2109 2445 2197 „Vehe-

339 2213 584 2273 menter
629 2227 908 2287 moveor,
955 2215 1137 2276 ruo“.
1229 2209 1562 2274 Invenitur
1609 2208 1674 2273 in
1720 2206 1908 2275 Hom.
1939 2206 2005 2275 A
2043 2210 2147 2273 50.
2196 2205 2257 2271 Σ
2297 2212 2447 2274 411.

334 2304 480 2363 417.
546 2297 619 2362 Ψ·
645 2302 792 2365 367.
842 2296 922 2362 ..Q
959 2303 1104 2366 616.
1160 2313 1211 2384 ψ
1245 2304 1299 2364 3.
1353 2297 1763 2386 Thucyd.11,
1814 2301 1871 2362 2.
1966 2295 2219 2378 Optimo
2250 2293 2449 2375 igitur

324 2390 470 2465 jure
516 2385 922 2451 scholiastam
979 2388 1137 2453 nihil
1193 2387 1580 2470 explanandi
1641 2404 1838 2452 eausa
1897 2384 2222 2452 addidisse
2269 2385 2447 2471 equi-

335 2476 477 2542 dem
525 2475 994 2543 demonstrasse
1041 2482 1212 2559 puto.

508 2564 652 2630 Jam
702 2570 1025 2632 transeam
1070 2567 1154 2633 ad
1183 2568 1655 2650 antistropham
1688 2560 1781 2654 β’,
1830 2584 1957 2648 qua
2003 2564 2232 2633 chorus
2264 2569 2446 2646 quat-

338 2664 481 2720 tuor
526 2661 831 2736 precatur
886 2656 1067 2734 deoS,
1123 2663 1198 2721 ut
1256 2657 1675 2723 auxiliatores
1720 2616 2215 2722 Atheniensibus
2266 2651 2446 2719 Colo-

334 2745 579 2824 niisque
628 2742 915 2823 adstent3
975 2745 1057 2808 de
1101 2746 1278 2828 quus
1325 2765 1388 2811 v.
1437 2751 1603 2812 1085
1651 2745 1894 2810 tradito
1942 2738 2016 2809 ae’m'
2064 2739 2208 2808 Ζεῦ
2255 2735 2444 2809 πάν-
2519 2749 2531 2762 ·

304 2856 538 2939 υταρχε
590 2835 775 2897 θεῶν
815 2832 949 2934 jani
1004 2850 1220 2915 supra,
1280 2833 1390 2899 ubi
1439 2837 1517 2900 de
1564 2839 1851 2901 v.1074
1896 2833 2229 2914 agebatur,
2290 2829 2446 2899 dixi.

514 2919 763 2987 Primus
827 2921 1025 3002 igitur
1071 2922 1370 3005 Juppiter
1424 2925 1756 2990 invocatur
1811 2923 2088 2989 omnium
2134 2921 2446 2989 maximus

336 3012 596 3076 deorum
660 3004 1059 3118 πάνταρχος
1121 3019 1188 3076 et
1257 3007 1692 3115 παντόπτης.
1811 3011 1908 3083 Cf.
1967 3011 2290 3093 Aristoph.
2347 3028 2446 3077 av.

338 3120 394 3165 v.
436 3103 603 3166 1058
636 3116 729 3179 sq.
777 3095 910 3183 ἤδη
935 3124 1096 3204 ’poe'
1119 3101 1214 3184 τώ
1245 3126 1390 3166 nav
1395 3094 1497 3166 τό
1480 3126 1622 3204 amq
1659 3107 1764 3168 καὶ
1799 3125 2161 3188 πανταρχᾳ
2198 3106 2448 3184 θνητοὶ

336 3182 593 3261 πάντες
668 3181 952 3253 &tiooto'
1017 3183 1360 3263 ειῗκταιαις
1430 3183 1678 3295 εὐχαῖς.
1798 3189 1987 3273 Soph.
2047 3190 2145 3256 El.
2203 3207 2259 3255 V.
2324 3193 2444 3255 175

340 3271 543 3352 Ζευς,
593 3272 669 3348 ὂς
717 3280 928 3361 ι’φορᾷ
978 3272 1210 3343 πάντα
1261 3284 1366 3342 καὶ
1415 3271 1750 3386 κρατύνει.
1824 3273 2256 3383 Παντόπτης
2277 3276 2447 3380 'Jup-

333 3366 499 3446 piter
546 3364 909 3447 appellatur
965 3365 1029 3430 in
1095 3364 1250 3432 Oed.
1302 3366 1371 3433 C.
1422 3386 1479 3433 v.
1533 3371 1659 3432 703
1710 3363 1748 3431 ό
1795 3372 1942 3434 αιὲν
1990 3362 2166 3470 ὀρῶν
2211 3361 2446 3440 κυκλος

332 3447 495 3526 Διός
543 3462 608 3519 et
651 3454 719 3518 in
765 3454 1060 3558 Aeschyl.
1110 3457 1317 3539 suppl.
1368 3475 1423 3522 V.
1479 3460 1599 3523 139
1663 3453 1980 3528 τελευτάς
2041 3448 2172 3522 δ’ἔν
2227 3447 2442 3543 χρόνῳ

337 3565 565 3624 πατῆθ
614 3568 647 3608 0
701 3568 844 3606 παν
850 3568 1115 3616 ‘tornac
1164 3555 1552 3650 πρευμενεῖς
1601 3553 1861 3618 κτίσδιδ.

513 3630 904 3697 Meineekius
969 3649 1086 3714 pro
1149 3627 1527 3699 παντόπτα
1582 3634 1840 3717 scripsit
1899 3626 2255 3700 παντόπ’ω
2319 3645 2443 3700 non

335 3721 469 3785 sine
515 3738 723 3794 causa,
772 3738 916 3786 nam
966 3749 1008 3786 α
1055 3722 1116 3786 in
1168 3722 1452 3788 vocativo
1499 3722 1845 3805 singularis
1880 3722 2201 3789 nominum
2247 3723 2314 3788 in
2368 3760 2438 3773 -

336 3833 454 3891 σης
503 3809 1071 3877 determinatorum
1118 3819 1481 3893 correptum
1540 3819 1666 3893 est,
1724 3814 1838 3880 sed
1900 3817 2074 3878 recte
2120 3811 2445 3879 Nauckius

338 3899 692 3965 vocativum
770 3898 952 3964 illum
1018 3918 1057 3965 a
1127 3901 1513 3968 nominativo
1596 3896 2041 3978 παντόπτας,
2115 3900 2224 3983 qui
2294 3920 2443 3968 Voce

335 4009 540 4072 αγσει
542 4011 673 4053 ταν
703 3988 896 4071 paulo
929 3993 1072 4071 post
1103 3989 1473 4073 insequente
1506 3991 1833 4070 suadetur,
1857 3988 2179 4073 proficisci
2212 3996 2443 4063 monet.

334 4076 585 4157 Itaque
605 4078 915 4144 traditum
961 4083 1330 4161 receperim.

484 4273 522 4339 ι)
561 4271 641 4330 Cf.
681 4273 902 4349 insuper
938 4274 1217 4333 Matthiae.
1259 4291 1480 4346 gramm.
1522 4295 1602 4347 gn),
1639 4275 1703 4335 11.
1742 4296 1793 4349 p.
1833 4279 1938 4337 948
1975 4294 2059 4346 sq.

2095 4368 2127 4428 δ
