3169 5038
1688 414 1768 478 18

665 620 1032 702 videbatur,
1093 641 1257 704 quae
1289 623 1381 687 .in‘
1443 630 1695 691 textum
1740 628 2157 707 reciperetur.
2252 624 2556 691 Ceterum
2601 626 2779 693 scho-

664 718 997 785 liastarum
1039 713 1122 778 cf.
1172 716 1619 779 annotationes
1666 716 1749 780 ad
1798 736 1858 782 v.
1903 714 2068 780 1059
2113 732 2228 796 sq.,
2279 732 2548 795 quarum
2593 734 2770 796 prae-

661 805 864 885 cipue.
891 819 1068 881 quae.
1104 802 1167 865 in
1200 802 1323 865 line
1362 803 1534 868 dicta
1581 814 1750 883 sunt,
1800 802 1837 867 ὁ
1872 804 1939 870 δὲ
1992 807 2157 876 νοῦς
2204 797 2337 887 ἄρα
2366 807 2507 870 κτλ.
2537 821 2779 870 summo

650 900 801 972 jure
848 891 1021 955 dicta
1065 908 1204 955 esse
1250 891 1566 957 videntur.
1676 894 1839 958 Nam
1897 893 2019 959 etsi
2065 892 2321 972 singula
2364 893 2619 972 quidem
2666 911 2780 974 per

658 1002 727 1048 se
777 978 1327 1045 difficillimasint
1369 984 1712 1063 explicatu,
1763 983 1877 1048 hoc
1925 992 2139 1046 tamen
2178 988 2449 1059 constat,
2496 1001 2637 1047 eam
2672 983 2777 1048 de—

656 1072 912 1152 signare
971 1071 1171 1144 viam
1240 1087 1407 1149 quae
1463 1072 1923 1136 occidentalem
1987 1074 2111 1153 τῆς
2169 1075 2428 1154 «πέτρας
2491 1064 2779 1154 νιφάδος

657 1168 920 1241 partem
955 1156 1368 1239 stringebat·
1435 1160 1661 1242 ltaque
1719 1163 1994 1241 primum
2040 1160 2296 1241 quidem
2342 1160 2779 1239 quaerendum

656 1259 785 1329 est,
845 1264 1161 1328 quaenam
1216 1249 1341 1311 ista
1387 1252 1608 1334 πέτρα
1660 1246 1861 1332 νιφάς
1910 1252 2142 1326 fuerit,
2201 1266 2391 1328 quam
2439 1256 2779 1329 propterea

657 1331 862 1422 νιφάς
907 1337 1294 1438 appellatam
1340 1355 1479 1402 esse
1526 1356 1772 1417 censeO,
1837 1356 1960 1404 non
2023 1338 2191 1418 quod
2253 1349 2564 1418 perpetua
2610 1344 2779 1403 tecta

655 1426 852 1491 fuerit
908 1428 1088 1490 nive·
1104 1429 1273 1506 quod
1321 1427 1383 1489 in
1433 1429 1646 1492 Attica
1696 1429 1866 1492 nullo
1923 1437 2108 1508 pacto
2162 1425 2304 1490 fieri
2361 1431 2651 1506 poterat·
2626 1429 2775 1491 -sed

656 1519 807 1596 quia
853 1516 1015 1579 nivis
1062 1516 1265 1579 instar
1311 1514 1590 1581 fulserit.
1697 1517 1845 1582 Jam
1907 1517 2281 1584 scholiastes
2329 1515 2486 1579 duos
2534 1525 2778 1581 montes

657 1623 813 1686 quos
868 1604 1225 1683 intelligere
1282 1607 1596 1683 possimus
1642 1609 1993 1687 proposuit,
2042 1615 2349 1684 tanquam
2388 1606 2774 1669 alterutrum

658 1700 846 1774 poeta
892 1697 957 1757 in
1004 1693 1215 1757 animo
1264 1693 1580 1771 habuerit,
1630 1697 1815 1759 Λείαν
1864 1698 2148 1777 πέτραν,
2197 1710 2363 1772 quae
2410 1694 2663 1772 dicitur,
2711 1705 2778 1758 et

656 1782 1007 1863 Aegaleum
1055 1789 1332 1848 montem
1379 1802 1504 1848 non
1551 1792 1767 1848 tamen
1823 1787 2004 1850 certa
2058 1781 2331 1847 afferens
2376 1790 2776 1861 argumenta,

655 1872 884 1952 quibus
941 1871 1170 1951 aliquis
1239 1883 1309 1935 ut
1375 1874 1544 1936 idem
1613 1875 1908 1938 crederet
1971 1872 2433 1949 adduceretur3
2501 1888 2627 1951 qua
2698 1873 2777 1935 cle

655 1979 848 2026 causa
896 1960 961 2024 in
1009 1959 1199 2024 dubio
1246 1959 1649 2042 relinquitur,
1699 1969 1914 2026 utrum
1961 1978 2181 2026 verum
2229 1961 2332 2037 sit,
2380 1962 2552 2040 quod.
2597 1961 2774 2025 scho-

656 2052 873 2114 liastes
920 2050 1275 2130 suspicatus
1323 2060 1439 2130 est,
1490 2070 1705 2116 necne.
1760 2056 1765 2065 ’
1811 2052 1946 2115 Hoc
2003 2058 2223 2114 tamen
2278 2067 2393 2129 pro
2439 2053 2616 2117 certo
2664 2051 2774 2113 ha-

651 2139 931 2204 bendum
977 2145 1102 2217 est,
1160 2138 1321 2204 hanc
1377 2148 1628 2220 petram
1676 2160 1799 2204 non
1846 2140 2066 2221 procul
2124 2138 2204 2203 ab
2255 2142 2390 2203 Oea
2434 2141 2569 2202 sive
2615 2137 2775 2203 Oeo-

655 2238 725 2293 ut
769 2227 1083 2309 appellari
1129 2228 1541 2309 debet-pago
1592 2229 1862 2308 afuisse,
1925 2231 2034 2309 qui
2079 2245 2203 2308 quo
2257 2228 2508 2291 nomine
2553 2235 2621 2291 et
2665 2227 2773 2291 ubi

652 2320 812 2382 situs
859 2318 1056 2381 fuerit
1098 2318 1272 2396 apud
1320 2320 1491 2382 viros
1538 2319 1757 2383 doctos
1808 2336 1931 2383 non
1978 2321 2139 2382 satis
2181 2323 2454 2380 constat.

830 2405 1216 2471 Scholiastes
1277 2407 1340 2470 in
1397 2412 1811 2472 ‘annotatione
1870 2407 1956 2471 acl
2015 2425 2071 2470 V.
2120 2412 2292 2471 ‚1061
2352 2406 2487 2470 Οἰα
2542 2421 2769 2469 nomen

651 2495 844 2562 fuisse
903 2494 995 2560 illi
1054 2511 1219 2575 pago
1279 2497 1786 2562 demonstravit..
1862 2496 2210 2575 Reisigius,
2270 2493 2378 2575 qui
2414 2494 2769 2559 ‚accuratis-

647 2588 804 2651 sime
853 2585 933 2649 de
979 2584 1096 2649 hoc
1144 2587 1276 2649 loco
1323 2589 1553 2667 egit1),
1601 2605 1680 2651 ex
1724 2587 2048 2652 contrario
2104 2585 2258 2667 Οἴη,
2304 2583 2493 2664 cujus·
2527 2585 2771 2654 Οἰάτας

653 2677 872 2740 dorica
919 2680 1088 2738 esset
1132 2673 1357 2754 forma,
1407 2694 1632 2739 nomen
1680 2676 1876 2741 fuisse
1924 2692 2110 2756 pag0‚
2158 2674 2267 2754 qui
2313 2672 2522 2738 tribus
2554 2669 2768 2735 Oinei-

648 2765 761 2829 dos
806 2763 1051 2842 fuisset,
1116 2770 1182 2827 et
1239 2782 1471 2845 pagum
1528 2766 1804 2829 alterum
1852 2767 2103 2828 nomine
2158 2764 2292 2827 Οἴα
2338 2760 2768 2826 Pandionidos

648 2851 856 2918 tribus
899 2861 1244 2933 propterea
1288 2855 1406 2918 hoc
1456 2855 1591 2919 loco
1639 2855 1962 2934 designari
2024 2870 2149 2916 non
2194 2868 2398 2931 posse,
2458 2850 2639 2931 quia,
2696 2856 2770 2912 ut

636 2944 770 3024 jam
806 2941 1159 3023 Hesychius
1189 2951 1363 3008 recte
1398 2944 1927 3009 animadvertisse
1957 2943 2312 3019 videbatur,
2361 2940 2547 3006 nimis
2578 2939 2767 3016 longe

643 3032 745 3096 hic
791 3031 966 3096 locus
1013 3031 1269 3097 abesset
1310 3032 1390 3097 ab
1426 3033 1714 3111 AtheniS,
1762 3033 2109 3098 contendit.
2205 3030 2331 3095 Sed
2380 3044 2764 3110 magnopere

641 3139 720 3185 ea
767 3122 833 3185 in
879 3138 948 3184 re
995 3123 1096 3185 vir
1143 3121 1364 3187 doctus
1412 3124 1676 3199 erravit,
1726 3141 1875 3185 nam
1921 3123 2078 3186 satis
2109 3126 2403 3200 apertum
2435 3125 2559 3196 est,-
2604 3115 2763 3180 Olis-

640 3211 915 3284 thenem‚
965 3212 1082 3289 qui,
1120 3213 1376 3288 circiter
1422 3229 1590 3274 anno
1641 3216 1765 3276 509
1815 3231 1872 3277 a.
1902 3210 1972 3275 O.
2006 3226 2203 3274 novas
2233 3226 2312 3272 ex
2358 3214 2544 3287 parte
2590 3205 2764 3282 leges

640 3297 1139 3364 Atheniensibus
1184 3302 1431 3376 statuit,
1478 3306 1762 3365 veterem
1809 3299 2093 3364 tribuum
2137 3307 2442 3378 quattuor
2473 3295 2760 3360 ordinem

640 3408 679 3454 a
704 3389 933 3454 Solone
965 3393 1287 3454 servatum
1318 3388 1655 3454 sustulisse
1685 3397 1752 3453 et
1784 3406 1979 3454 novas
2011 3386 2218 3453 tribus
2248 3387 2467 3451 decem
2500 3399 2762 3449 numero

638 3477 1062 3555 constituisse,
1111 3495 1274 3558 quae
1319 3496 1445 3542 non
1493 3486 1566 3542 ut
1610 3484 1804 3543 antea
1851 3497 1927 3542 ex
1976 3477 2159 3558 pagis
2205 3477 2375 3542 inter
2418 3491 2489 3542 so
2535 3473 2761 3539 cohae-

638 3565 930 3633 rentibus
975 3575 1361 3634 constarent.
1454 3566 1853 3648 Unaquaque
1911 3585 2061 3631 vero
2121 3563 2327 3631 tribus
2358 3564 2592 3630 ‚decem
2637 3562 2760 3626 cir-

635 3657 797 3724 citer
839 3672 1038 3738 pagos
1083 3656 1478 3736 continebat,
1536 3657 1646 3738 qui
1703 3677 1825 3722 non
1883 3671 2100 3721 omnes
2160 3656 2227 3718 in
2272 3653 2497 3720 eadem
2543 3661 2759 3716 terrae

637 3752 855 3827 parte,
923 3745 1036 3809 sed
1097 3765 1214 3828 per
1269 3754 1473 3811 totam
1529 3747 1808 3812 Atticam
1866 3744 2116 3827 disjecti
2170 3751 2236 3809 et
2295 3761 2439 3810 cum
2483 3742 2758 3808 aliarum

635 3833 918 3900 tribuum
962 3839 1144 3915 pagis
1189 3845 1394 3901 erant.
1424 3837 1749 3901 commixti
1766 3836 1844 3918 ²),
1953 3834 2049 3898 Ex
2096 3832 2355 3913 quibus,
2384 3847 2391 3854 ·
2419 3849 2613 3913 quum
2659 3846 2757 3892 se—

635 3931 888 4005 quatur,
934 3942 1170 4046 pagum
1202 3925 1421 4000 Oeam,
1469 3925 1605 3989 sive
1640 3926 1776 4008 0ιή
1807 3924 1940 3988 sive
1978 3924 2113 3989 Οἴα
2163 3938 2389 3987 nomen
2434 3923 2495 3984 ei
2539 3918 2758 3997 fuerit,

779 4158 820 4222 ¹)
856 4159 913 4209 in
951 4157 1189 4211 editione
1226 4173 1280 4227 p.
1322 4157 1422 4211 136
1459 4171 1582 4227 sqq.

769 4229 816 4296 ²)
854 4227 938 4285 Of.
978 4228 1253 4293 Duncker,
1292 4227 1626 4283 Geschichte
1664 4226 1763 4280 des
1782 4224 2119 4340 Alterthnms
2160 4220 2277 4280 1v²
2312 4239 2365 4294 p.
2387 4217 2515 4287 453,
2549 4221 2754 4279 Schoe-

628 4315 809 4356 mann.
848 4297 1063 4354 Griech.
1102 4299 1550 4357 Alterthfimerl.
1591 4316 1641 4368 p.
1682 4299 1800 4352 383.
