3169 5038
1764 394 1845 466 ‘16

745 632 947 696 neque
994 632 1142 688 cum
1163 620 1370 681 metro
1403 616 1840 682 consentienti.
1910 610 2229 681 Διστόλοι
2275 610 2596 700 ἀδελφεοί
2637 622 2845 682 autem

751 705 988 771 dictum
1036 712 1135 773 est
1178 722 1293 786 pro
1329 701 1575 770 δισσῶν
1608 698 1952 788 ἀδελφεῶν
1985 697 2248 781 στόλος,
2300 722 2415 770 usu
2441 705 2647 787 poetis
2677 703 2844 771 haud

742 793 1076 875 insolit01).
1145 793 1466 859 Formam
1514 786 1819 877 ἀδμῆτας
1866 793 2109 873 primus
2153 792 2511 860 Brunckius
2557 812 2672 875 pro
2719 800 2846 865 tra-

743 882 874 948 dito
922 877 1109 970 οἷδμκη
1099 877 1240 955 ’τας
1269 901 1309 948 a
1341 889 1547 948 metro
1591 900 1854 963 prorsus
1884 880 2259 949 abhorrenti
2285 883 2591 966 reposuit
2660 884 2848 949 Haud

741 972 906 1038 male
951 971 1183 1054 puellis
1227 972 1410 1052 ipsis,
1473 988 1634 1051 quas
1696 970 1873 1036 Mars
1917 990 2066 1036 mox
2123 990 2377 1053 pugnae
2422 977 2645 1039 contra
2689 973 2847 1039 The-

741 1062 937 1129 banos
982 1062 1385 1129 immixturus
1431 1060 1686 1139 dicitur,
1734 1060 2061 1141 epitheton
2108 1055 2427 1146 ἀδμῆτας
2462 1062 2540 1147 ·(i.
2592 1080 2646 1127 e.
2694 1081 2849 1131 nun-

743 1170 931 1232 quam
976 1157 1166 1216 antea
1196 1167 1411 1232 pugna
1443 1149 1774 1231 devictas),
1821 1166 1944 1230 quo
1976 1151 2234 1232 proprie
2264 1151 2601 1232 virginitas
2633 1170 2849 1219 earum

740 1239 1160 1320 intelligenda
1207 1246 1324 1321 est,
1370 1232 1559 1319 poe‘ta
1607 1237 1854 1305 tribuit.
1929 1232 2269 1322 Αύτάρκει
2301 1241 2439 1325 βοᾷ
2471 1240 2557 1305 ad
2588 1241 2849 1307 verbum

738 1328 1114 1397 vertendum
1160 1339 1257 1393 est
1302 1347 1419 1409 per
1467 1328 1782 1408 „clamore
1828 1327 1867 1391 i.
1918 1346 1973 1392 e.
2019 1346 2262 1409 pugna,
2320 1346 2482 1410 quae
2550 1331 2689 1412 ipsa
2731 1329 2851 1396 sibi

739 1417 995 1497 sufficit,
1042 1418 1292 1495 idonea,
1353 1436 1479 1499 qua
1533 1418 1814 1498 virgines
1869 1417 2032 1499 eripi
2077 1420 2387 1499 possint.“
2478 1418 2651 1485 Mire
2693 1437 2848 1485 sane

737 1507 803 1571 id
848 1507 1085 1575 dictum
1131 1517 1231 1572 est
1274 1526 1314 1571 a
1360 1513 1568 1587 poeta,
1615 1506 2026 1588 quamobrem
2059 1506 2428 1573 Dindorfius
2476 1519 2849 1592 πανταρκεῑ

735 1596 1065 1679 proposuit
1108 1595 1281 1662 haud
1325 1596 1715 1675 necessarie;
1769 1613 1917 1660 nam
1975 1614 2087 1660 cur
2143 1595 2410 1663 librario
2470 1596 2848 1674 tribuamus,

736 1685 904 1766 quod
958 1686 1246 1767 poeticae
1301 1685 1510 1766 potius
1567 1685 1866 1752 licentiae
1926 1685 2334 1752 tribuendum
2405 1695 2563 1766 ests
2595 1703 2850 1752 causam

744 1792 867 1840 non
913 1774 1117 1851 video.

914 1864 990 1933 ln
1035 1883 1094 1929 v.
1128 1868 1295 1931 1056
1344 1855 1677 1944 ἀδελφεάς
1712 1881 1762 1928 a
1808 1864 2253 1945 compluribus
2286 1864 2673 1945 apographis
2722 1870 2852 1930 tra-

736 1952 942 2018 ditum
996 1959 1172 2019 recte
1229 1952 1634 2018 Hermannus
1692 1953 1960 2018 retinuit
2016 1960 2242 2020 contra
2283 1953 2602 2035 Elmsleji‚
2664 1971 2854 2034 quem

736 2042 1110 2111 Dindorfuis
1140 2041 1466 2108 Nauckius
1513 2042 1716 2107 secuti
1748 2047 1919 2121 sunt,
1964 2033 2262 2125 α’δελφάς
2298 2043 2454 2111 haec
2488 2043 2851 2123 disputans:

736 2131 1049 2210 „Formae
1097 2132 1261 2197 istae
1307 2149 1431 2196 non
1478 2135 1730 2197 tantum
1777 2140 1981 2197 metro
2012 2130 2249 2198 alicubi
2286 2132 2654 2198 commodae
2683 2137 2857 2211 sunt,

742 2221 855 2287 sed
901 2239 1091 2302 saepe
1121 2222 1359 2301 etiam,
1422 2226 1494 2285 ut
1548 2221 1756 2286 oratio
1803 2220 2195 2301 splendidior
2240 2219 2374 2301 fiat,
2434 2230 2853 2302 usurpantur.

740 2309 939 2391 Atqui
985 2303 1278 2392 ἁδελφός
1324 2310 1672 2375 communis
1720 2310 1888 2375 vitae
1936 2314 2063 2388 est
2122 2303 2449 2393 ἀδελφεός
2495 2310 2744 2391 antiqui
2790 2317 2860 2374 et

737 2400 971 2481 poetici
1016 2399 1346 2479 sermome,
1391 2416 1594 2480 quare
1641 2416 1962 2480 nunquam
2008 2399 2074 2463 in
2122 2400 2432 2465 trimetris
2462 2400 2850 2506 reperiturf‘

739 2489 840 2555 Ad
886 2507 1049 2571 quae
1094 2494 1418 2571 postrema
1444 2487 1643 2556 verba
1678 2487 2113 2556 confirmanda
2148 2487 2227 2555 cf.
2262 2481 2581 2573 ἀδελφεοί
2591 2487 2746 2555 Oed.
2772 2488 2850 2554 R

734 2577 1629 2660 v.160.0ed.G.v.535;,
1690 2584 1914 2644 contra
1970 2571 2231 2662 οἷδελφή
2288 2578 2356 2644 in
2413 2578 2651 2658 dialogi
2696 2577 2852 2645 locis

734 2668 831 2732 El.
879 2686 938 2735 v.
987 2672 1138 2734 461.
1184 2686 1244 2733 v.
1294 2672 1442 2734 956.
1489 2686 1544 2733 v.
1584 2673 1768 2733 1148.
1819 2666 1969 2734 Oed.
2018 2667 2095 2732 R.
2144 2686 2201 2736 v,
2233 2672 2405 2772 677.-
2429 2667 2578 2734 Ant.
2613 2687 2668 2733 v.
2698 2672 2851 2734 486.

739 2757 956 2838 [taque
1004 2749 1334 2839 ἀδελφεάς
1379 2757 1755 2824 retinuerim
1771 2757 1846 2839 ²)
1928 2748 2175 2822 Touo&
2221 2749 2357 2821 οἶνοι
2404 2751 2660 2843 χώρους
2685 2756 2849 2822 falso

731 2845 1047 2926 Reisigius
1102 2845 1472 2927 explicavit,
1532 2846 1601 2910 in
1657 2846 1957 2928 strophae
2016 2842 2142 2910 fine
2200 2845 2359 2910 haec
2417 2845 2644 2911 addita
2689 2864 2848 2926 esse,

735 2936 924 3018 quasi
980 2933 1159 3016 prius
1214 2941 1424 3000 mente
1478 2935 1792 3002 exciderit
1851 2937 2097 3002 ἔνθα
2158 2933 2353 2999 Haud
2412 2936 2617 3014 magis
2673 2941 2852 3001 recte

732 3025 1026 3126 quamvis
1071 3024 1433 3091 accuratius
1458 3024 1824 3092 Wunderus
1873 3025 1952 3128 de
1996 2997 2116 3090 hac
2150 3042 2225 3091 re
2259 3024 2563 3090 disseruit
2601 3024 2849 3094 verbis,

731 3103 1001 3195 ,,τούσδ’
1056 3105 1187 3179 οἷνοὶ
1254 3108 1508 3200 χώρους
1561 3114 1604 3178 i.
1642 3133 1709 3184 e.
1771 3108 1945 3197 πρός
2005 3112 2325 3185 Πυθίαις
2381 3108 2431 3193 ἢ
2496 3108 2850 3178 λαυποξσιν

736 3198 1463 3278 ἁκταῖς.1ιιεθινίιιιιι
1518 3202 1718 3283 igitur
1776 3203 1931 3268 haec
1981 3219 2017 3265 ι
2026 3199 2183 3267 erba
2252 3201 2659 3283 explicationi
2728 3201 2847 3268 ad«

730 3281 936 3384 verbii
982 3295 1183 3366 ὲνθα,
1230 3291 1401 3374 quod
1445 3309 1504 3356 v.
1558 3297 1726 3358 1054
1781 3291 2118 3374 positumf‘
2218 3290 2427 3356 Aliter
2478 3298 2695 3358 autem
2740 3308 2850 3356 res

728 3374 797 3447 se
824 3372 1055 3446 habet.
1149 3380 1396 3447 Chorus
1439 3375 1625 3448 dicit:
1675 3380 1982 3462 „Utinam
2027 3396 2278 3460 pugnae
2318 3381 2629 3461 adessem,
2673 3398 2844 3461 quae

730 3476 848 3537 aut
888 3471 972 3537 ad
1018 3470 1333 3552 Apollinis
1377 3476 1494 3540 aut
1538 3470 1623 3536 ad
1658 3470 1913 3538 Cereris
1958 3474 2330 3535 consecrata
2375 3468 2516 3535 loca
2561 3470 2849 3537 commit—

730 3567 924 3637 tetur,
973 3577 1122 3624 nam
1164 3560 1322 3627 haec
1370 3560 1495 3663 dup
1541 3560 1679 3627 sola
1724 3564 1876 3626 sunt
1915 3556 2057 3623 loca
2100 3560 2389 3624 omnium
2424 3559 2493 3624 in
2524 3559 2699 3626 hisce
2742 3577 2850 3624 re·-

728 3648 1024 3731 gionibus
1095 3639 1355 3750 (codod'
1422 3641 1556 3715 οἴνα
1627 3643 1906 3736 χωρους)
1979 3648 2020 3714 i.
2092 3666 2146 3714 e.
2212 3666 2330 3729 per
2392 3653 2596 3713 totum
2666 3649 2850 3714 urbis

732 3738 1126 3805 Athenarum
1186 3738 1554 3818 circuitum,
1612 3737 1752 3820 ubi,
1811 3738 1876 3803 ni
1934 3735 2124 3803 fallor
2171 3744 2573 3818 conjectura,
2627 3756 2852 3819 pugna

730 3830 894 3895 inter
943 3826 1361 3894 Athenienses
1407 3788 1868 3909 The’banosque
1895 3826 2205 3906 committi
2240 3832 2469 3910 potest.
2536 3825 2849 3896 Referen-

735 3917 884 3983 dum
943 3917 1140 3999 igitur
1191 3921 1291 3983 est
1344 3922 1521 3984 ἔνθα
1577 3917 1663 3983 ad
1718 3915 1768 4001 ἤ
1811 3908 1984 4001 πρός
2032 3915 2344 3990 Πυθίαις
2391 3911 2436 3999 ἢ
2485 3909 2850 4002 λαμπασιν

724 4019 993 4104 οἷκτᾶἳς,
1074 4041 1200 4090 non
1266 4028 1480 4091 autem
1544 4013 1774 4089 τούσδ’
1841 4016 1975 4088 ἄνοι’
2044 4016 2298 4113 χώρους
2359 4023 2445 4091 ad
2517 4022 2696 4089 ἔνθα
2771 4032 2883 4108 et-

889 4220 1031 4288 ).Of
1066 4216 1348 4278 Matthiae.
1390 4233 1622 4348 framm.
1696 4216 1916 4291 r.11.p
1978 4220 2114 4277 1003
2155 4237 2275 4292 sqq.

864 4290 912 4364 ²)
947 4290 1032 4353 cf.
1068 4292 1227 4348 etiam
1263 4291 1392 4347 Seid
1418 4308 1476 4346 er
1529 4293 1602 4347 ad
1662 4310 1767 4353 nr.
1800 4237 1916 4352 ELP
1930 4291 2047 4390 134.
