3169 5038
1317 401 1397 471 15

293 634 484 704 quam
537 615 606 687 in
665 634 918 686 versum
988 617 1518 700 antistrophicum
1579 610 1849 702 φαλαρα
1901 618 2137 685 invasit
2195 623 2404 688 ortam

293 729 544 820 quoquo
589 710 776 776 modo
823 716 894 774 ut
937 712 1242 774 sanarent
1283 707 1642 789 studuisse;
1689 706 1781 771 ita
1811 724 1929 788 pro
1944 703 2172 794 ’Ἄρηα
2203 710 2404 793 eJ‘ecto

295 793 679 889 ἐγρεμαχαν
724 804 841 867 aut
886 792 1256 884 ὀρειβάτας»
1302 798 1369 861 ιιι
1412 801 1659 862 textum
1717 797 2036 862 invasisse.
2108 798 2407 867 Tantum

294 897 511 957 autem
554 887 770 970 abest,
829 891 903 955 ut
958 885 1073 952 illa
1117 885 1520 968 corruptelae
1565 903 1760 951 causa
1821 905 1861 950 a
1905 887 2187 967 Bergero
2234 896 2408 957 recte

296 980 683 1060 investigata
727 978 832 1057 sit,
878 982 952 1049 ut
996 977 1189 1043 etiam
1223 971 1450 1059 Ἀρηα
1499 974 1670 1041 nullo
1722 976 1907 1041 modo
1967 975 2124 1042 ferri
2179 981 2410 1062 possit3

298 1086 620 1151 nunquam
666 1068 836 1133 enim
879 1067 1043 1132 hanc
1088 1064 1434 1132 accusativi
1488 1063 1758 1130 formam
1818 1066 1988 1146 apud
2036 1065 2408 1150 Sophoclem
2456 1112 2463 1117 -

298 1158 598 1238 inveniri,
657 1158 812 1224 sed
813 1151 1023 1241 Ἀρεα
1069 1159 1184 1221 aut
1215 1148 1422 1239 ’',Apvy
1479 1170 1677 1247 supra
1731 1154 2232 1221 demonstratum
2288 1166 2405 1229 est.

301 1249 541 1315 Contra
599 1247 893 1351 equidem
948 1263 1028 1309 ex
1088 1244 1385 1323 articulo,
1448 1245 1556 1324 qui
1614 1230 1825 1309 verbis
1883 1240 2236 1318 διστόλους
2284 1242 2410 1314 028:-

301 1339 530 1423 μῆτας
577 1328 908 1419 videamus:
951 1334 1294 1412 antecedit,
1342 1332 1537 1398 etiam
1584 1341 1736 1398 ante
1780 1351 1995 1399 vocem
2036 1333 2262 1418 Θησέα
2309 1356 2413 1403 ar-

301 1424 566 1492 ticulum
608 1424 805 1491 fuisse
852 1424 1267 1489 concluserim
1322 1422 1538 1503 itaque
1583 1421 2013 1504 conjecturam
2058 1441 2411 1506 proponam

303 1532 429 1581 non
457 1515 876 1620 certissimam
908 1513 1183 1594 quidem,
1229 1512 1344 1576 sed
1385 1512 1883 1593 probabiliorem
1915 1512 2214 1594 Bergeri:
2263 1513 2416 1583 ἔνθ’

304 1602 498 1688 οἶμαι
527 1599 709 1689 ”Λρη
755 1627 882 1668 τον
897 1603 933 1708 Ι
982 1602 1209 1687 Θησέα
1245 1601 1348 1666 καὶ
1383 1624 1509 1675 τας
1540 1602 1678 1666 κτλ.
1749 1600 1895 1666 Jam
1925 1616 2093 1667 nunc
2124 1610 2414 1687 apparet,

302 1692 615 1773 quomodo
662 1686 1047 1779 ἑγρεμιάχαν
1091 1693 1158 1755 et
1189 1683 1563 1793 ’opetssa'voev
1608 1690 1675 1755 in
1722 1695 1967 1756 textum
2015 1692 2412 1774 irrepserint.

303 1781 496 1847 Haud
541 1780 828 1848 absimile
874 1782 1044 1847 enim
1087 1780 1226 1846 veri
1271 1784 1370 1844 est
1412 1779 1750 1845 librarium
1789 1779 2064 1861 aliquem
2093 1798 2237 1863 pro
2233 1779 2417 1871 Ἀρη

305 1894 434 1936 τον
498 1889 835 1953 perperam
907 1869 1142 1950 legisse
1206 1862 1511 1952 ἄρα’,ταω
1575 1869 1852 1934 alterum
1921 1870 2152 1936 deinde
2220 1873 2418 1956 expli·

305 1959 570 2026 cationis
625 1979 821 2037 causa
879 1953 1252 2044 ὀρειβάτας»
1295 1962 1366 2022 et
1407 1954 1792 2065 ἐγρεμάχαν
1846 1960 1914 2024 in
1967 1961 2257 2044 margine
2303 1964 2416 2029 ad-

307 2049 654 2130 scripsisse
767 2049 1050 2151 Quorum
1104 2044 1381 2113 alterum
1449 2051 1861 2135 ἐγρεμαχαν
1896 2047 2162 2115 librario
2229 2051 2421 2120 alicui

306 2137 696 2219 probabilius
741 2140 964 2206 visum
979 2138 1058 2203 ιιι
1102 2141 1350 2201 textum
1395 2136 1730 2224 irrepserit
1785 2137 1987 2220 eJecto
2033 2152 2099 2203 et
2144 2144 2417 2223 margini

304 2226 628 2309 adscripto
676 2221 973 2334 ὀρείων,
1019 2226 1188 2307 quod
1234 2210 1607 2292 scholiastes
1652 2226 1718 2293 iu
1751 2229 2163 2295 annotatione
2209 2241 2416 2349 muta-

304 2316 398 2381 vit
437 2317 536 2383 in
555 2309 944 2403 ὀρειβάταν.

482 2405 587 2472 Ita
631 2423 853 2471 versus
906 2410 1070 2471 1053
1119 2421 1252 2485 sqq
1302 2403 1651 2471 secundum
1708 2405 2040 2472 metr-icam
2098 2410 2414 2477 rationem

314 2494 523 2562 versui
568 2495 1027 2578 antistrophico
1071 2495 1308 2598 optime
1354 2492 1770 2577 respondent:

575 2583 987 2669 προσπόλων
1053 2576 1574 2689 Εὕμολπιδᾶν·
1622 2578 1771 2650 ἕνθῗ
1837 2583 2014 2671 οἶμαι
2054 2582 2238 2674 “Amy
2292 2611 2427 2657 τον

543 2674 811 2758 Θησέα
860 2674 965 2739 καὶ
1010 2698 1140 2746 τας
1185 2674 1323 2739 κτλ.
1415 2673 1656 2741 Contra
1702 2677 1990 2743 v.1068.

572 2766 761 2828 πᾶσα
807 2757 1166 2849 δόρμαται
1215 2756 1358 2827 κατ’
1404 2757 1857 2851 ἄμπυκτήρια
1902 2761 2144 2833 naulum
2218 2841 2221 2844 ,

575 2848 620 2916 ὁὶ
622 2855 837 2940 βασι
846 2876 881 2926 ς
925 2852 1064 2918 κτλ.

488 2940 733 3023 Liceat,
777 2947 852 3008 ut
893 2959 1031 3007 rem
1074 2940 1262 3023 plene
1306 2940 1750 3023 cumulateque
1780 2940 2127 3027 perficiam,
2175 2951 2422 3016 ceteras

311 3049 471 3113 quas
518 3034 665 3099 novi
706 3033 992 3097 virorum
1038 3030 1367 3097 doctorum
1411 3036 1815 3111 conjecturas
1877 3052 2251 3104 enumerare
2297 3057 2423 3138 non

311 3126 527 3188 tamen
570 3122 854 3203 singulas
900 3120 1199 3187 refellere
1243 3121 1546 3187 studenti.

486 3209 878 3314 Pflugkius¹)
926 3211 1199 3291 conjecit
1242 3209 1388 3276 ἕνθ’
1441 3209 1636 3317 οἶμαι
1684 3207 2138 3320 δορυμαστορ’
2183 3220 2419 3324 αἰχμᾷ.

314 3299 633 3366 Halmius:
682 3294 832 3366 ἔνθ’
844 3298 1060 3404 οἶμαι
1094 3323 1222 3365 τον
1240 3293 1638 3409 dypfpdxav
1676 3300 1690 3389 1
1728 3297 2113 3388 ῥυσάμενον
2143 3330 2316 3381 τας.

311 3389 666 3468 Nauekius:
712 3381 861 3455 ἕνθ’
905 3387 1084 3472 οἶμαι
1130 3382 1299 3458 letor
1339 3382 1734 3477 ὀρειβαταν.

494 3479 723 3564 Θησέα
761 3478 1086 3562 dactylum
1118 3476 1332 3556 efficit,
1377 3494 1760 3559 quamquam
1799 3507 1839 3545 α
1873 3499 1952 3548 ex
1988 3428 2419 3565 grammaticis

311 3568 560 3652 legibus
605 3568 988 3650 productum
1030 3574 1149 3634 est.
1243 3565 1450 3633 Affert
1492 3576 1708 3635 autem
1747 3574 2037 3655 exempla
2067 3575 2345 3657 correpti
2378 3603 2416 3641 α

312 3661 471 3725 satis
514 3657 720 3723 multa
764 3658 1227 3741 Matthiaeus
1172 3657 1229 3703 ’ἣ
1277 3665 1345 3723 et
1397 3657 1506 3736 qui
1560 3659 1795 3740 optime
1853 3661 1930 3727 de
1986 3661 2105 3730 hac
2160 3680 2232 3729 re
2293 3664 2420 3732 dis·

299 3749 514 3816 'seruit
557 3747 901 3814 Porsonius
927 3749 999 3830 ⁸).

491 3849 887 3928 Διστόλους.
935 3854 1104 3937 quod
1151 3871 1348 3922 nunc
1361 3851 1427 3921 ιιι
1471 3858 1677 3948 textu
1711 3854 2005 3940 legimuS,
2066 3864 2421 3926 correctum

313 3986 416 4048 est
452 3999 535 4047 ex
572 3966 961 4056 affovo'iovg
1018 3969 1108 4046 in'
1137 3982 1352 4050 codice
1410 3979 1605 4050 Laur.
1654 3984 1728 4052 A.
1780 4002 1982 4070 neque
2036 4004 2177 4052 cum
2235 4003 2433 4052 sensu·

463 4165 505 4226 ¹)
540 4164 597 4217 ιιι
639 4162 1054 4218 Zimmermanni
1091 4177 1216 4217 ann.
1255 4161 1384 4233 phil.
1424 4162 1551 4216 anni
1592 4161 1726 4220 1836
1764 4178 1797 4232 p
1859 4163 1982 4222 308.

459 4233 505 4304 ²)
541 4236 596 4290 in
637 4235 968 4305 grammatic
1008 4251 1087 4304 gr.
1124 4235 1168 4290 1.
1203 4251 1255 4304 p.
1295 4235 1397 4290 233
1433 4250 1517 4304 sq.

457 4308 499 4377 ⁸)
534 4307 602 4362 ad
640 4307 853 4362 Hecnb.
889 4308 1015 4369 876.
