3169 5038
1762 393 1839 466 10

737 595 1128 694 Proserpina
1186 611 1386 693 igitur
1445 613 1744 682 Eleusine
1814 613 1998 678 initia
2050 628 2167 677 sua
2226 604 2581 676 reverenda
2639 599 2847 674 colere

742 701 1041 767 dicuntur
1100 701 1457 767 hominibus
1513 703 1551 766 i.
1604 720 1658 767 e.
1717 703 1798 768 ab
1854 699 2210 767 hominibus
2268 704 2338 763 ut
2392 697 2692 762 Eleusine
2747 715 2844 761 re-

737 791 1019 856 verenda
1065 791 1249 857 initia
1295 792 1700 857 celebrentur
1746 798 1814 857 et
1856 792 2035 872 ipsae
2076 788 2338 854 student
2384 787 2561 852 deae.
2651 786 2848 852 Recte

735 879 892 944 haec
936 878 1135 945 verba
1180 881 1551 946 scholiastes
1582 898 1830 962 quoque
1868 882 2327 961 interpretatus
2366 881 2482 955 est,
2533 893 2719 956 quem
2766 877 2843 939 cf.

737 967 936 1033 Venio
983 969 1068 1033 ad
1111 970 1317 1036 verba
1344 962 1436 1036 ὧν
1460 1018 1730 1037 .......
1779 962 2240 1053 Εύιιολπιὸᾱν
2284 982 2551 1046 quorum
2594 982 2840 1046 peram·

733 1056 928 1136 bigua
974 1064 1074 1123 est
1118 1059 1478 1141 explicatio,
1549 1059 1888 1124 Traditum
1933 1057 1998 1121 in
2030 1055 2245 1122 codice
2277 1054 2470 1119 Laur.
2505 1055 2562 1118 A
2594 1054 2733 1136 πλη.
2767 1077 2847 1135 ης

735 1146 830 1210 ita
890 1151 964 1210 ut
1020 1147 1279 1231 κληειης
1323 1147 1519 1213 fuisse
1575 1149 1902 1226 videatur,
1972 1147 2038 1211 in
2095 1137 2252 1230 κλής
2312 1147 2667 1208 correctum
2723 1159 2842 1208 non

735 1234 949 1314 habet,
995 1236 1163 1316 quod
1211 1237 1631 1318 suspicionem
1663 1243 1934 1314 moveat,
1980 1233 2361 1316 praesertim
2392 1250 2585 1312 quum
2617 1231 2845 1296 Trach.

732 1328 997 1391 v.1037
1057 1323 1296 1411 κλῇδας
1348 1327 1727 1392 inveniatur.
1831 1325 2019 1390 Haud
2080 1322 2297 1402 aliter,
2356 1321 2524 1402 quod
2583 1320 2846 1421 posthac

735 1413 1045 1478 traditum
1100 1414 1450 1483 invenitur.
1523 1408 1903 1501 ἐπιγλώσσᾱ
1959 1430 2027 1480 se
2084 1410 2308 1488 habet,
2375 1410 2544 1491 quod
2592 1410 2657 1473 in
2705 1414 2847 1474 ἐπι-

734 1495 991 1586 γλώσσᾳ
1039 1504 1484 1583 corrigendum
1531 1522 1671 1569 esse
1717 1508 1913 1584 patet.
2009 1500 2338 1567 Ceteram
2370 1499 2584 1565 codice
2616 1497 2846 1563 menda

733 1590 905 1656 haud
960 1597 1110 1656 sunt
1169 1594 1764 1658 commemoratione
1824 1592 2033 1672 digna.
2142 1587 2419 1653 Difficile
2475 1593 2688 1652 autem
2748 1595 2846 1651 est

737 1679 1121 1761 dijudicatu,
1176 1687 1394 1748 utrum
1448 1682 1790 1747 relativum
1849 1706 1940 1745 ων
1985 1680 2068 1744 ad
2125 1677 2516 1759 praecedens
2563 1670 2841 1756 πότνιαι

733 1785 819 1832 an
862 1768 946 1833 ad
993 1792 1210 1855 σεμνα
1256 1771 1416 1855 τέλη
1463 1790 1546 1837 an
1591 1771 1676 1836 ad
1708 1777 2079 1835 θνατοῖσιν
2111 1768 2197 1832 sit
2225 1765 2651 1832 referendum.
2744 1764 2843 1828 Ad

734 1848 1013 1922 πότνιαι
1072 1859 1466 1925 rettulerunt
1524 1859 1884 1925 Brunckius
1943 1856 2263 1936 Reisigius
2332 1854 2845 1921 Schneidewinus

733 1944 1057 2022 Nauckius
1088 1954 1423 2016 verterunt
1451 1967 1624 2030 que,
1630 1947 2071 2028 ,venerandae,
2091 1962 2394 2029 quarum
2420 1945 2611 2008 etiam
2644 1960 2844 2007 aurea

731 2035 927 2100 clavis
973 2036 1039 2099 in
1084 2038 1443 2103 antistitum
1487 2038 2011 2118 Eumolpidarum
2066 2035 2284 2116 lingua
2341 2036 2698 2112 versatur,“
2760 2032 2843 2096 ad

731 2140 894 2204 quae
947 2126 1298 2191 rectissime
1357 2128 1759 2194 Hermannus
1815 2126 2085 2203 monuit,
2142 2122 2396 2189 tacendi
2454 2123 2534 2187 de
2590 2122 2843 2186 arcanis

733 2212 1072 2279 Eleusiniis
1143 2214 1421 2280 officium
1476 2235 1604 2280 non
1662 2217 1991 2297 proprium
2060 2213 2256 2280 fuisse
2317 2210 2841 2292 Eumolpidarum

729 2302 1031 2380 solorum,
1065 2302 1177 2368 sed
1211 2322 1539 2369 commune
1571 2305 1968 2369 initiatorum
2002 2302 2299 2367 omnium.
2371 2300 2599 2365 ltelato
2625 2308 2841 2364 autem

731 2380 822 2455 ὧν
867 2391 953 2456 ad
999 2392 1157 2475 τέλη
1204 2393 1271 2458 id
1317 2395 1486 2475 quod
1534 2393 1959 2460 Schneiderus
2006 2391 2175 2470 fecit,
2222 2389 2357 2456 fere
2399 2389 2568 2456 idem
2598 2405 2841 2467 sensus,

729 2480 836 2561 qui
883 2484 1093 2562 antea,
1142 2483 1392 2549 exsistit
1506 2483 1934 2550 Schneiderus
1991 2486 2204 2546 tamen
2259 2497 2381 2544 non
2440 2478 2629 2563 plane
2674 2477 2841 2543 hunc

727 2569 931 2634 locum
963 2570 1350 2638 intellexisse
1381 2574 1638 2639 videtur
1669 2574 2105 2653 interpretuns
2154 2587 2371 2649 „wozu
2413 2570 2477 2649 (i.
2510 2588 2565 2635 e.
2603 2567 2839 2647 τελῶν)

728 2659 891 2724 auch
940 2660 1055 2726 der
1099 2660 1368 2740 goldene
1417 2661 1737 2728 Schliissel
1783 2662 1930 2726 kam
1975 2659 2092 2725 auf
2134 2660 2236 2725 die
2281 2658 2500 2738 Zunge
2547 2657 2663 2722 der
2708 2655 2845 2720 ein-³

726 2747 1080 2828 geweihten
1125 2748 1567 2833 Eumolpiden,
1617 2751 1675 2815 d.
1727 2751 1762 2815 i.
1811 2753 1876 2815 in
1924 2749 2156 2815 welche
2203 2746 2633 2814 einzuweihen
2678 2743 2841 2810 auch

729 2838 852 2902 den
907 2837 1331 2919 Eumolpiden
1395 2845 1713 2920 vergonnt
1768 2844 1958 2904 war.“
2064 2838 2241 2904 Haec
2295 2837 2504 2903 versio
2572 2836 2839 2900 multum

728 2927 985 3007 quidem
1032 2927 1247 3008 habet,
1294 2946 1417 3010 quo
1464 2929 1675 2995 obiter
1719 2928 2081 3010 inspicienti
2126 2926 2633 3006 commendetur,
2692 2942 2836 2988 nam

728 3023 794 3080 et
838 3017 1123 3093 nonnulli
1172 3018 1525 3085 deteriores
1557 3020 1806 3084 codices
1854 3017 1965 3083 ἐπὶ
2004 3010 2307 3103 γλῶσσαν
2353 3014 2612 3089 habent,
2660 3013 2838 3094 cujus

728 3127 770 3171 ν
815 3121 1037 3173 errore
1084 3107 1295 3189 aliquo
1342 3108 1409 3172 in
1457 3106 1836 3210 ἐπιγὶώρσᾶ
1880 3105 2115 3174 codicis
2159 3104 2356 3169 Laur.
2406 3104 2479 3168 A.
2528 3102 2838 3168 excidisse

725 3200 954 3274 potest.
1059 3196 1186 3262 Sed
1244 3194 1402 3261 nihil
1461 3197 1544 3263 ad
1606 3196 1801 3262 totius
1857 3194 2228 3261 elocutionis
2294 3210 2548 3258 sensum
2618 3190 2836 3268 refert,

726 3290 943 3348 utrum
974 3277 1235 3371 γλωσσᾳ
1280 3303 1364 3350 an
1395 3280 1699 3372 γλῶσσαν
1745 3286 1810 3351 in
1843 3284 2190 3391 archetypo
2236 3282 2454 3364 fuerit,
2499 3301 2578 3347 ea
2625 3286 2838 3347 tamen

728 3371 1152 3441 Schneiderus
1211 3371 1409 3441 falsus
1468 3378 1566 3440 est
1622 3395 1723 3451 re
1799 3374 1965 3456 quod
2029 3365 2186 3458 κλής
2246 3371 2356 3436 ἐπὶ
2416 3365 2676 3458 γλώσσᾳ
2744 3370 2837 3435 ita

726 3464 940 3542 vertit,
988 3467 1060 3527 ut
1107 3480 1216 3544 „os
1262 3464 1782 3545 Eumolpidarum
1831 3464 1994 3529 clavi
2041 3461 2152 3525 illa
2198 3460 2447 3526 recludi
2495 3459 2832 3539 diceretur,

725 3551 905 3633 cujus
949 3552 1046 3618 rei
1092 3512 1215 3617 e’tsi
1260 3552 1553 3634 exempla
1600 3554 1817 3618 attulit
1862 3552 2018 3617 Eur
2067 3550 2236 3615 Med.
2286 3569 2343 3614 v.
2394 3553 2519 3614 213
2568 3544 2834 3617 πόντου

724 3639 935 3724 κλῇὸα
981 3645 1135 3708 etv.
1172 3645 1294 3707 661
1346 3641 1553 3726 κλῇδα
1606 3644 1893 3727 φρενῶν,
1941 3644 2227 3706 attamen
2273 3638 2339 3704 in
2373 3638 2695 3721 Sophoclis
2741 3638 2833 3705 fa-

723 3728 889 3795 bulis
958 3731 1112 3813 ipsis
1185 3733 1538 3814 exemplum
1614 3731 2006 3798 contrarium
2082 3728 2522 3794 demonstrans
2594 3728 2838 3795 invenit

724 3817 939 3902 Antig.
997 3838 1054 3885 v.
1103 3819 1232 3887 505
1293 3824 1350 3886 εἰ
1403 3815 1504 3907 μή
1563 3821 1868 3907 γλῶσσαν
1939 3810 2200 3906 ἐγκλήοι
2275 3811 2512 3904 φόβος.
2626 3817 2834 3899 Magis

724 3908 917 3974 etiam
963 3910 1257 3990 quaesita
1303 3909 1754 3992 interpretatio
1801 3929 1841 3975 a
1877 3908 2262 3976 Schneidero
2307 3906 2636 3989 proposita
2679 3909 2832 3973 mihi

723 3996 1008 4079 videtur,
1076 4017 1265 4080 quam
1326 4017 1490 4081 quae
1561 3998 1856 4080 Sophocli
1911 3996 2255 4064 tribuenda
2316 3997 2418 4062 sit.
2535 3995 2829 4063 Omnium

721 4092 937 4152 autem
983 4088 1342 4170 explicandi
1385 4088 1708 4154 rationum
1736 4088 2142 4153 Hermannus
2179 4085 2361 4151 unice
2395 4090 2637 4151 rectam
2684 4104 2828 4168 pro—

720 4177 949 4257 posuit,
1017 4195 1180 4259 quae
1250 4196 1438 4260 quam
1485 4177 1755 4243 multum
1813 4176 2287 4260 probabilitatis
2341 4193 2498 4257 prae
2544 4194 2613 4241 se
2658 4176 2830 4242 ferat

722 4266 916 4335 etiam
974 4266 1400 4335 Doederlinus
1446 4267 1812 4334 Wunderus
1869 4264 2236 4334 Dindorfius
2283 4265 2676 4335 Meineekius
2733 4266 2826 4332 in-
