3169 5038
1420 487 1502 553 35

405 697 898 803 expeditionem,
945 717 1111 782 quae
1156 700 1308 766 felix
1355 699 1440 766 sit
1485 700 1550 766 in
1599 698 1928 781 capiendo,
1976 694 2233 777 efficiat,
2280 699 2320 762 i
2355 715 2408 764 e.
2443 700 2514 762 ut

402 786 700 868 capiatur
746 787 821 870 is,
867 789 932 854 in
978 804 1163 872 quem
1211 787 1328 855 fiat
1371 790 1662 873 impetus.

581 892 875 963 Minerva
942 914 1107 978 quae
1160 901 1306 999 post
1358 895 1581 962 Jovem
1645 896 1998 974 invocatur,
2066 889 2281 981 σεμνοὶ
2353 896 2514 963 παῖς

403 982 786 1065 appellatur.
887 985 1064 1051 Jovis
1118 987 1285 1051 enim
1347 987 1681 1052 carissima
1742 990 1887 1051 erat
1943 983 2099 1062 filia,
2162 983 2261 1048 cui
2309 999 2386 1047 ea
2434 980 2512 1043 de

403 1090 595 1138 causa
641 1072 842 1139 multa
886 1074 1122 1140 licebat
1165 1073 1493 1159 perficere
1541 1093 1707 1158 quae
1740 1073 1936 1141 ceteri
1970 1073 2151 1139 vetiti
2184 1079 2369 1137 erant
2406 1070 2510 1133 dii.
2591 1081 2599 1090 ’

407 1160 712 1266 Sequitur
763 1163 986 1246 Apollo
1033 1172 1178 1247 post
1224 1165 1577 1231 Minervam
1628 1164 1995 1231 carissimus
2052 1178 2238 1243 quem
2284 1160 2514 1225 chorus

405 1243 745 1352 ἄγριιιταν
804 1262 1021 1333 vocat,
1093 1273 1317 1337 nempe
1383 1254 1548 1336 quod
1614 1253 1859 1318 Theseo
1929 1252 2189 1333 ejusque
2248 1247 2515 1315 armatis

404 1338 588 1421 quasi
633 1341 1014 1407 venantibus
1073 1345 1308 1409 auxilio
1364 1349 1435 1407 ut
1491 1344 1711 1408 veniat
1770 1342 2167 1423 imploratur.
2273 1337 2518 1403 Suadet

404 1429 567 1494 hanc
613 1430 1210 1513 interpretationem
1257 1433 1472 1510 etiam,
1520 1432 1689 1512 quod
1739 1431 1967 1496 chorus
2002 1429 2248 1493 Dianae
2280 1426 2516 1492 sororis

406 1537 526 1582 non
585 1518 1002 1588 obliviscitur.
1105 1521 1330 1605 Apollo
1398 1539 1522 1586 non
1592 1520 1851 1602 proprie
1909 1517 2182 1583 venandi
2244 1518 2401 1581 deus
2446 1522 2515 1578 ut

406 1625 587 1672 soror
656 1616 816 1689 erat,
887 1615 1225 1692 acceperat
1292 1618 1508 1676 tamen
1576 1626 1922 1690 cognomen
1995 1601 2327 1692 α’γρειιής
2384 1605 2515 1669 sive

406 1690 681 1784 ιίγραῖος
730 1659 816 1763 ab,
859 1699 1197 1766 interfecto
1227 1700 1541 1788 Pythone.
1621 1698 1891 1764 Bothius
1921 1695 2279 1801 Pausaniae
2309 1694 2515 1760 locum

405 1793 855 1853 commemorat
898 1789 984 1855 ad
1020 1788 1183 1855 hanc
1216 1808 1351 1856 rem
1383 1792 1778 1870 spectantem
1811 1786 1862 1862 Ι,
1899 1791 2002 1862 41,
2041 1791 2113 1849 4;
2152 1777 2518 1849 Ἀλκάθου

414 1885 537 1938 niv
585 1870 712 1942 οὖν
761 1902 868 1943 και
916 1884 1043 1943 τσῦ
1091 1879 1389 1953 2ἐοντος,
1437 1879 1570 1942 εἴτε
1620 1881 1695 1942 ἐν
1739 1877 1833 1978 τῷ
1859 1876 2247 1956 Κιθαιρῶνι
2301 1862 2389 1936 αι’
2395 1864 2520 1934 τόν

404 1962 535 2027 εἴιε
582 1966 688 2028 καὶ
739 1967 1023 2051 ἑτέρωθι
1075 1960 1487 2037 οἷποκτειίιις
1519 1988 1695 2030 νιιον
1721 1956 2089 2051 α’γροτίρας
2112 1956 2520 2062 Ἀοτέμιὸος

405 2051 508 2115 καὶ
544 2044 984 2129 Ἀπόλλωνος
1034 2054 1351 2141 ἐποιῆσεν
1399 2047 1684 2141 (ι’γραιόυ
1731 2052 2071 2139 (Megaris)
2121 2055 2187 2123 ἐς
2234 2041 2444 2114 τοσότ
2430 2045 2513 2112 ὁε

402 2138 569 2206 ἔστω
617 2135 883 2230 μινιῖμιη.

587 2264 764 2346 Quae
789 2268 1020 2334 exinde
1045 2275 1419 2352 sequuntur,
1452 2267 1628 2333 haud
1664 2263 1947 2331 difficilia
1979 2268 2128 2329 sunt
2158 2261 2517 2337 intellectu;

412 2348 907 2429 πικνόστικτος
955 2359 1282 2426 ornatiore
1330 2358 1517 2423 modo
1564 2361 1660 2421 est
1710 2355 1948 2419 dictum
2008 2371 2196 2435 quam
2246 2353 2310 2416 in
2357 2349 2517 2415 Phil.

404 2460 457 2504 v
521 2446 642 2508 183
703 2468 1018 2522 στικτοις
1078 2441 1391 2533 ἐλάφους.
1483 2446 1683 2511 Varia
1736 2447 1950 2509 autem
2018 2449 2167 2509 sunt
2235 2440 2520 2525 epitheta

407 2530 661 2597 Dianae
694 2533 775 2598 ad
808 2537 1211 2603 venationem
1236 2537 1615 2620 spectantia,
1644 2533 1819 2599 velut
1842 2524 2134 2620 κιναγός
2156 2531 2254 2599 El.
2281 2550 2340 2596 v.
2370 2534 2517 2597 563.

409 2619 466 2685 ἑ
457 2617 835 2708 ταφνβόιηις
882 2624 1107 2691 Trach.
1157 2647 1216 2691 v.
1267 2631 1396 2692 214
1444 2625 1522 2692 cf.
1570 2625 1669 2707 Aj.
1720 2642 1775 2689 v.
1831 2628 1969 2689 178
2020 2612 2521 2726 χρυσνλάκατος

405 2708 633 2779 T.rach
681 2730 736 2775 v.
790 2718 934 2778 637.
987 2708 1311 2801 ἔκη’βολος
1355 2716 1479 2796 frg.
1532 2719 1702 2789 357..
1761 2720 1875 2777 aut
1918 2728 2082 2793 quae
2114 2700 2316 2777 Aba?
2360 2703 2520 2792 ὄρεα

407 2793 661 2883 ὁιοὶσσει
701 2799 840 2867 Oed
881 2802 956 2869 R
983 2821 1042 2868 v.
1073 2807 1201 2869 208
1235 2808 1303 2869 et
1340 2799 1663 2891 οἷκρουχεῖ
1687 2801 1914 2867 Trach.
1940 2817 1998 2867 V.
2027 2804 2177 2866 214.
2236 2795 2524 2898 Στὲρνίξῑι

405 2888 584 2970 cujus
651 2891 915 2972 propria
990 2889 1371 2974 significatio
1444 2898 1542 2958 est
1613 2910 1841 2971 ,,ιιιιιο,
1917 2889 2159 2971 diligo‘
2230 2891 2298 2952 et
2374 2884 2523 2966 quia

406 2976 573 3057 quod
632 2979 954 3061 diligimus
1022 2983 1217 3047 etiam
1286 2990 1580 3064 optamus
1613 2942 1750 3047 ”vel
1806 2995 2137 3061 rogamuS,
2210 2981 2282 3042 ut
2343 2973 2523 3041 nobis

405 3066 614 3147 detur,
663 3069 982 3135 notionem
1031 3076 1368 3151 „amanter
1409 3070 1756 3154 precandi“
1791 3068 2198 3135 nanciscitur.
2269 3063 2521 3167 Optime

405 3164 618 3222 autem
666 3176 705 3223 a
738 3158 1060 3225 Brunckio
1093 3179 1233 3226 cum
1268 3160 1534 3241 latino,
1543 3166 1820 3239 ‚“amare
1868 3161 2299 3240 comparatur,
2345 3153 2524 3234 quus

405 3245 694 3329 exempla
740 3246 932 3315 affert
976 3264 1054 3314 ex
1102 3249 1313 3316 Plaut.
1362 3249 1759 3316 Menaechm.
1809 3247 1895 3327 ΙΙ,
1943 3256 2002 3329 3,
2039 3251 2150 3312 71:
2200 3244 2328 3312 Sed
2367 3242 2521 3308 scin'

405 3334 557 3412 quid
605 3343 670 3400 te
714 3338 965 3416 amabo,
1012 3336 1630 3418 utfacias.111‚3,
1684 3344 1751 3403 1:
1812 3335 2245 3414 Menaechme,
2302 3349 2519 3399 amare

402 3429 464 3487 te
511 3423 605 3489 ait
650 3425 920 3492 multum
952 3426 1265 3508 Erotium,
1316 3434 1387 3493 ut
1431 3428 1549 3494 hoc
1592 3445 1760 3493 nunc
1804 3446 1932 3493 una
1977 3443 2174 3509 opera
2220 3422 2304 3488 ad
2350 3421 2518 3488 auri-

400 3505 578 3577 ficem
644 3514 916 3582 deferas.
1018 3516 1211 3583 Haud
1268 3515 1429 3584 bene
1493 3524 1707 3584 tamen
1754 3515 1866 3581 alii
1916 3517 2184 3584 vertisse
2230 3511 2382 3578 mihi
2432 3510 2517 3576 vi·

405 3600 636 3667 dentur
685 3604 841 3683 „auf
879 3604 1063 3671 Ench
1106 3606 1341 3673 rechne
1387 3606 1550 3672 ich‘.

578 3726 760 3805 Quod
808 3729 1120 3795 traditum
1152 3736 1253 3797 est
1284 3719 1533 3803 διπλοῖῤ
1567 3723 1852 3817 οἷρωγάς,
1899 3730 2191 3812 apertum
2242 3736 2358 3806 est,
2406 3726 2508 3794 ad

398 3815 698 3894 Jectivum
749 3816 994 3887 διπλας
1025 3820 1322 3900 graviore
1354 3822 1622 3885 accentu
1656 3836 1795 3885 esse
1838 3818 2241 3901 signandum.
2336 3817 2517 3923 Q3²⁰d

403 3912 615 3970 autem
664 3904 1038 3973 scholiastes
1083 3908 1168 3973 ad
1214 3910 1382 3975 hunc
1428 3908 1638 3975 locum
1691 3908 2026 3975 adnotavit
2071 3907 2317 4010 ῥίπλας
2355 3901 2514 3992 clom-

398 3989 546 4078 γάςε
607 4018 918 4061 τουτεστι
977 3997 1065 4081 τῇ
1125 3996 1335 4086 διπλῇ
1393 3991 1643 4084 ἀρωγῇ,
1694 3992 1734 4061 ὅ
1781 3998 1952 4086 Nyct
2014 4000 2100 4080 τῇ
2157 3990 2352 4062 πόλει
2413 3999 2516 4061 καὶ

404 4093 542 4156 ιοῑς
589 4083 929 4161 nolit-,we
976 4103 1239 4167 prorsus
1286 4087 1568 4170 ineptum
1646 4091 1763 4165 est,
1831 4104 1975 4153 nam
2038 4086 2246 4168 διπλῆ
2297 4079 2519 4174 οἶρωγν’

399 4169 817 4254 appositionis
864 4174 947 4240 ad
995 4175 1354 4258 Apollinem
1399 4176 1810 4258 Dianamque
1870 4176 2006 4240 loco
2062 4173 2337 4257 positum
2382 4193 2518 4242 esse

398 4278 579 4326 nemo
624 4279 746 4328 non
794 4262 987 4328 videt.
1086 4264 1386 4333 Ceterum
1436 4266 1514 4331 de
1571 4265 1714 4346 diis,
1763 4282 1921 4348 quos
1967 4263 2197 4330 chorus
2244 4262 2309 4329 in
2357 4266 2519 4330 anti-

397 4350 663 4434 stropha
722 4344 787 4439 β’
844 4353 1133 4436 invocat,
1204 4354 1506 4421 nonnulla
1568 4359 1720 4421 sunt
1786 4352 2073 4422 dicenda
2182 4350 2521 4437 Sophocles
