3169 5038
1361 472 1398 543 7

302 711 436 778 ,que
483 707 702 760 versus
748 691 1012 758 sitorum
1058 689 1389 771 Eleusina,
1436 691 1588 758 inde
1633 689 1947 773 producta
1984 687 2174 773 juxta
2207 685 2431 757 urbem

315 784 576 852 Oenoen
643 783 708 847 in
777 778 1045 848 confinio
1100 780 1409 848 Boeotiae
1475 785 1542 845 et
1598 780 1852 845 Atticae
1919 781 2107 846 sitam
2164 778 2438 849 Thebas,

316 872 509 939 Certe
562 871 920 938 rectissima
973 875 1236 953 praeter
1290 870 1471 936 illam
1529 888 1569 935 a
1629 868 1816 934 Burs,
1877 870 1920 934 l.
1979 889 2031 937 c.
2080 870 2130 935 1.
2192 888 2257 953 p.
2309 875 2433 936 332

315 964 877 1030 commemoratam
945 960 1225 1025 omnium
1295 960 1464 1025 inter
1522 958 1807 1025 Athenas
1870 957 2246 1041 Thebasque
2305 961 2437 1025 via-

317 1071 462 1118 rum
510 1055 669 1118 erat.

494 1139 886 1223 Progrediar
932 1138 1014 1205 ad
1048 1137 1245 1206 verba
1279 1133 1454 1223 πρός
1488 1136 1804 1211 Πυθίαις
1851 1130 2108 1216 α’κταῖς,
2153 1140 2240 1205 ad
2271 1158 2436 1221 quae

315 1230 487 1313 quod
532 1228 905 1297 scholiastes
950 1228 1100 1295 inde
1146 1246 1187 1294 a
1229 1223 1277 1312 ἢ
1325 1223 1495 1312 πρός
1529 1225 1846 1300 Πυθίαις
1877 1226 1962 1294 ad
2008 1228 2275 1312 ἵδρυται
2322 1229 2438 1295 ad-

317 1320 567 1386 notavit
610 1318 919 1385 conferas
1014 1317 1186 1383 Dicit
1229 1315 1428 1396 igitur
1458 1320 1651 1398 poeta
1681 1314 1887 1381 locum
1918 1315 2232 1399 Apollinis
2262 1318 2436 1384 cultu

315 1410 655 1491 insignem,
717 1425 905 1489 quem
967 1406 1412 1473 Marathonem
1474 1422 1615 1470 esse
1674 1423 1891 1471 omnes
1960 1406 2170 1473 adhuc
2239 1409 2436 1474 inter-

316 1507 531 1581 pretes
597 1503 859 1580 praeter
929 1496 1291 1577 Solgerum,
1362 1493 1764 1576 ElmsleJum,
1836 1495 2297 1579 Meineckium,
2365 1504 2439 1563 ut

315 1588 599 1662 videtur,
672 1586 912 1651 frustra
970 1585 1342 1652 scholiastes
1399 1583 1619 1650 docuit
1675 1584 1854 1650 nulla
1909 1584 2036 1651 alia
2096 1586 2175 1651 de
2221 1605 2438 1669 causa,

318 1678 439 1743 nisi
491 1674 661 1758 quod
721 1675 815 1740 illi
870 1676 994 1740 viri
1054 1674 1222 1741 docti
1285 1673 1733 1739 Marathonem
1790 1673 2040 1757 longius
2103 1694 2142 1741 a
2202 1674 2440 1744 Thebis

321 1766 543 1832 abesse
599 1763 1065 1847 Thebanosque
1122 1765 1291 1846 ipsos
1351 1761 1589 1829 Colono
1649 1763 2095 1829 Marathonem
2161 1766 2437 1847 primum

319 1854 791 1939 proficiscentes
846 1872 887 1919 a
945 1854 1129 1919 domo
1188 1852 1609 1918 aberraturos
1670 1853 1882 1935 potius
1943 1872 2134 1935 quam
2182 1854 2435 1921 domum

316 1949 735 2028 perventuros
768 1961 905 2010 esse
938 1941 1310 2014 credebant.
1388 1939 1878 2008 Substituebant
1907 1949 2123 2008 autem
2155 1944 2436 2026 Reisigio

315 2033 740 2116 praecedente
786 2033 1061 2098 alteram
1106 2031 1366 2097 Oenoen
1411 2030 1496 2095 ad
1543 2030 2153 2114 Hippothoontidem
2198 2032 2438 2101 tribum

319 2124 744 2205 pertinentem
799 2120 975 2187 haud
1032 2120 1466 2201 intelligentes
1519 2120 1902 2188 scholiastae
1947 2121 2165 2189 verba.
2224 2133 2232 2140 '
2269 2124 2438 2203 Quin

321 2213 514 2278 etiam
562 2209 931 2278 Dindorfius
978 2230 1057 2277 ex
1101 2208 1317 2277 verbis
1364 2208 1747 2276 scholiastae
1792 2212 2131 2294 perspicue
2178 2211 2438 2280 Oenoen

319 2301 402 2367 ad
480 2301 926 2367 Marathonem
1006 2300 1196 2365 sitam
1269 2296 1776 2380 significantibus
1845 2299 2104 2367 Oenoen
2171 2319 2437 2383 prorsus

322 2390 646 2457 contrarie
715 2389 799 2455 ad
861 2389 1193 2456 Boeotiam
1261 2388 1451 2453 sitam
1509 2407 1548 2452 a
1609 2388 1954 2456 scholiasta
2013 2408 2153 2457 esse
2201 2391 2437 2459 dictam

323 2480 766 2548 demonstrare
835 2478 1037 2545 voluit
1090 2484 1156 2545 et
1214 2477 1405 2544 alteri
1458 2477 1841 2568 scholiastae
1910 2486 2061 2547 ante
2128 2487 2438 2550 annotata

322 2569 676 2636 affirmanti
734 2569 985 2635 crimini
1042 2567 1249 2648 dedit,
1313 2567 1484 2649 quod
1541 2586 1678 2634 rem
1733 2586 1962 2652 parum
2006 2572 2439 2654 perspexisset

321 2666 438 2725 aut
497 2660 690 2727 alium
737 2659 1155 2741 interpretem
1200 2660 1267 2723 in
1311 2655 1649 2723 scribendo
1705 2654 1940 2724 falsum
1985 2666 2224 2728 temere
2271 2662 2440 2730 esset

318 2754 593 2815 secutus⁸
687 2747 861 2813 Dicit
899 2749 1068 2813 enim
1098 2745 1504 2829 Dindorfius;
1553 2746 1719 2827 „Qui
1764 2748 1818 2813 si
1866 2747 1993 2816 τόν
2039 2756 2113 2816 ἐν
2158 2753 2252 2836 τῷ
2285 2752 2438 2819 Μα-

320 2839 586 2923 ραθῶνι
640 2837 922 2919 scripsit,
979 2836 1207 2903 calami
1265 2836 1450 2919 lapsu
1511 2837 1799 2920 scripsit,
1854 2856 2040 2919 quem
2099 2839 2266 2907 bona
2311 2839 2439 2911 fide

319 2926 581 3033 repetiit
633 2926 901 2993 alterius
957 2925 1180 2992 scholii
1224 2926 1527 3007 scriptor,
1587 2921 1674 2998 αἷς
1719 2927 1831 2992 ἐπὶ
1885 2930 2309 3014 Μαραθῶνα,
2358 2922 2442 3000 οὗ

322 3039 400 3080 το
452 3008 745 3082 Πύθιον
789 3013 1078 3103 ἵδρυται.
1181 3013 1345 3080 Nam
1401 3032 1480 3079 ex
1525 3015 1827 3098 adjuncto
1872 3015 2236 3085 Philochori
2280 3020 2439 3104 loco,

323 3121 449 3185 quo
520 3105 600 3171 de
665 3103 984 3187 Pythiade
1052 3106 1119 3169 et
1185 3102 1454 3169 Deliade
1525 3104 1912 3187 explicatur,
1983 3125 2257 3189 quarum
2322 3109 2438 3177 illa

324 3192 560 3273 Oenoa,
593 3194 752 3260 haec
783 3211 936 3259 vero
971 3193 1349 3259 Marathone
1381 3186 1699 3275 p'roficisci
1728 3194 1996 3279 solebat,
2030 3193 2169 3264 luce
2201 3199 2439 3267 clarius

322 3287 421 3350 est
462 3283 870 3350 scholiastam
956 3276 1148 3368 ωμόν
1191 3277 1274 3348 τό
1286 3305 1321 3349 ν
1369 3288 1444 3347 ἐν
1475 3285 1561 3373 τῇ
1602 3278 1822 3374 Οἰνόῃ
1857 3285 2069 3354 dicere
2100 3288 2435 3356 voluisse.“

320 3373 526 3438 Simili
556 3371 742 3438 modo
766 3372 886 3437 Wo
940 3368 1061 3435 fius
1086 3371 1131 3453 ¹)
1181 3370 1502 3453 disseruit,
1549 3371 1664 3440 sed
1694 3392 1958 3456 prorsus
1989 3370 2169 3443 falso,⁴
2244 3378 2436 3445 Scho-

315 3461 537 3527 liastes
582 3461 750 3528 enim
798 3458 1072 3527 dilucide
1107 3459 1365 3527 Oenoen
1406 3462 1882 3532 Marathoniam
1914 3466 2069 3532 dicit
2113 3476 2179 3532 et
2225 3467 2438 3536 verbis

317 3550 683 3617 Philochori
729 3549 1082 3617 confirmat.
1174 3550 1394 3632 Neque
1438 3555 1794 3634 pugnantia
1834 3555 2110 3638 profert,
2157 3558 2272 3624 sed
2316 3560 2439 3626 loci

320 3641 807 3723 explicationem
851 3639 1026 3706 haud
1064 3640 1532 3733 spernendam„
1604 3642 1787 3722 Quod
1818 3652 2033 3712 autem
2063 3645 2438 3716 scholiastes

319 3729 485 3795 alter
539 3730 816 3813 primum
871 3728 1127 3810 quidem
1184 3728 1403 3817 Pythii
1447 3731 1761 3813 Apollinis
1818 3753 2000 3802 aram
2023 3734 2028 3741 ’
2055 3735 2439 3805 Marathone

320 3819 519 3885 fuisse
567 3823 1039 3899 commemorat,
1087 3825 1311 3901 postea
1358 3826 1570 3887 autem
1603 3821 2052 3890 Philochorum
2086 3825 2438 3907 docentem,

324 3907 579 3976 Oenoae
634 3909 830 3975 fuisse
900 3925 1081 3974 aram
1141 3908 1357 3992 Pythii
1412 3911 1723 3993 Apollinis
1746 3962 1761 3992 ,
1833 3913 2214 3981 Marathone
2259 3926 2437 3984 ‘vero

321 3996 511 4077 Delii,
559 3996 768 4078 affert,
816 3998 987 4065 alter
1034 3995 1306 4080 denique
1347 4000 1718 4067 scholiastes
1750 4004 2010 4085 repetit,
2059 4002 2439 4074 Marathone

319 4104 459 4154 esse
504 4086 726 4174 Pythii
770 4105 974 4170 aram,
1029 4105 1212 4175 nemo
1256 4088 1323 4154 in
1370 4108 1592 4157 errore
1636 4100 1935 4159 versatur
1977 4100 2240 4177 praeter
2285 4096 2437 4163 Din-

326 4173 617 4248 dorfium.
704 4170 939 4244 Notum
985 4177 1154 4245 enim
1199 4186 1317 4258 est,
1364 4180 1616 4246 nomine
1650 4180 2032 4251 Marathone
2063 4198 2189 4253 non
2233 4184 2438 4253 solum

467 4370 601 4442 ι)<1ο
620 4370 789 4444 Soph.
810 4371 1139 4430 scholiorum
1148 4370 1411 4431 Laurent.
1421 4376 1587 4431 variis
1599 4376 1941 4456 lectionibus,
1985 4372 2300 4455 Lips.1a43.
2319 4398 2369 4455 p.
2387 4384 2440 4446 3.
