3169 5038
1760 418 1844 483 24

738 629 920 692 θεῶν
958 629 969 716 Ι
1012 621 1298 698 παντόπ
1308 654 1385 694 τα
1423 627 1564 696 Ζεῦ
1614 623 1874 717 πόροικς
1954 630 2359 698 Hermannus
2399 626 2708 696 traditum
2746 645 2848 694 re·

735 716 924 782 tinuit
968 718 1466 785 translocatione
1514 718 1688 786 facta
1735 719 1802 785 in
1849 737 2040 786 versu
2081 718 2542 802 antistrophico
2591 712 2637 782 ὦ
2677 714 2847 823 2⁸¹⁵:

738 810 916 871 θεῶν
973 807 1431 912 πανταρχὲτα
1532 808 1953 876 scribendum
2017 814 2231 875 autem
2287 827 2426 876 esse
2488 797 2747 914 &pdovo'
2799 800 2847 889 ἢ

723 889 1050 978 αὲλὶ.’;ουσ
1101 892 1190 970 οἷς
1235 900 1303 962 et
1349 897 1413 962 in
1459 915 1649 965 versu
1705 899 2164 981 antistrophico
2212 891 2259 963 ὦ
2307 894 2451 965 Ζεῦ
2496 915 2846 996 πανταρχε

731 984 916 1051 θεῶν
959 985 1304 1051 secundum
1353 987 1786 1068 conjecturam
1832 988 1897 1053 in
1941 986 2317 1056 Rossbachii
2363 989 2430 1052 et
2466 980 2848 1065 Westphalii

729 1072 993 1140 metrica
1046 1074 1367 1156 prolatam
1415 1076 1550 1158 jam
1606 1094 1803 1159 supra
1860 1077 2292 1144 demonstravi
2406 1074 2610 1154 Quam
2654 1088 2847 1154 saepe

730 1162 896 1228 enim
941 1168 1165 1230 contra
1209 1170 1453 1230 rectam
1499 1167 1814 1232 rationem
1863 1191 1900 1228 ο
1947 1159 2429 1250 ἐφελκυστικόο
2475 1173 2543 1230 et
2588 1187 2608 1225 ι
2657 1178 2849 1244 para-

726 1250 1018 1333 gogicum
1075 1271 1115 1317 a
1170 1250 1454 1319 librariis
1513 1260 1631 1322 aut
1682 1257 1916 1321 omissa
1971 1259 2086 1321 aut
2141 1254 2365 1321 addita
2430 1252 2591 1331 siut,
2661 1249 2847 1316 multi

727 1341 1076 1408 ostendunt
1131 1340 1249 1407 loci
1308 1342 1486 1410 velut
1542 1343 1700 1409 Oed.
1750 1345 1828 1412 R
1876 1349 2026 1411 427.
2079 1350 2201 1409 981
2266 1368 2306 1407 ν
2349 1360 2470 1407 0111.
2529 1345 2678 1406 ante
2732 1340 2845 1427 βρ

727 1435 841 1495 aut
885 1430 1163 1498 v.1203
1221 1425 1492 1518 Θήβαις
1535 1451 1655 1516 pro
1711 1428 2082 1519 Θήβαισιν,
2129 1433 2276 1499 Ant.
2327 1451 2385 1497 v.
2422 1436 2549 1495 847
2596 1435 2846 1494 οἴοισι1

726 1536 839 1601 pro
889 1526 1085 1596 σι’,οις
1129 1539 1186 1584 v.
1238 1525 1317 1585 99
1371 1521 1623 1603 φίλοισι
1670 1538 1854 1588 eraso
1902 1547 1947 1604 e,
1992 1522 2211 1604 al1a1)

904 1607 978 1673 In
1024 1626 1148 1690 quo
1195 1609 1407 1675 nullus
1454 1611 1662 1676 adhuc
1708 1612 1808 1676 vir
1840 1611 2063 1679 doctus
2088 1609 2364 1678 offensus
2395 1618 2494 1676 est
2522 1607 2848 1693 apamei-

732 1724 873 1772 rae,
944 1696 1269 1765 Nauckius
1337 1702 1767 1783 corruptelam
1835 1702 2234 1784 perspexisse
2301 1698 2425 1765 sibi
2483 1694 2850 1764 videbatur.

725 1787 907 1853 Dixit
960 1788 1158 1855 enim·
1226 1793 1623 1875 προμνᾶται
1694 1790 1779 1855 ist
1849 1791 2198 1871 unrichtig‚
2271 1790 2354 1855 da
2414 1787 2520 1852 die
2584 1786 2652 1851 in
2718 1782 2850 1850 den

725 1876 967 1943 Lexika
998 1874 1409 1958 angegebene
1440 1878 1887 1960 Bedeutung‚
1895 1879 2164 1961 Qahnen
2210 1884 2386 1944 soust
2433 1874 2610 1942 nicht
2652 1871 2848 1940 nach-

725 1965 995 2033 weisbar
1041 1966 1173 2031 und
1220 1965 1382 2033 nach
1430 1967 1547 2034 der
1594 1969 1965 2050 Proprietat
2021 1970 2133 2036 des
2180 1968 2436 2034 Wortes
2491 1963 2669 2031 nicht
2710 1963 2846 2028 ein-

722 2054 849 2122 mal
893 2053 1176 2158 moglich·
1213 2056 1361 2122 ist“
1452 2058 1739 2124 Primum
1773 2064 2218 2140 argumentum
2252 2056 2497 2124 nullum
2528 2057 2647 2133 est,
2693 2070 2848 2118 nam

721 2143 919 2212 verba
962 2145 1305 2226 praecipue
1351 2146 1419 2211 in
1452 2148 1718 2214 canticis
1748 2147 2007 2213 insolita
2039 2152 2350 2229 usurpata
2379 2141 2847 2226 significatione

722 2251 1030 2316 persaepe
1077 2235 1448 2301 invenimus.
1541 2235 1685 2302 Non
1732 2237 1875 2318 plus
1902 2237 2074 2303 valet
2102 2235 2377 2303 alterum
2402 2232 2573 2314 quod
2597 2228 2846 2309 attulit,

722 2342 866 2389 nam
914 2325 1235 2406 proprie
1219 2320 1655 2412 Ἣιρομνοῖοααι
1706 2325 2022 2407 significat
2081 2325 2381 2407 „nuptias
2434 2320 2843 2399 conciliare“‚

721 2414 1000 2494 itaque,
1006 2429 1280 2493 Nrogare
1325 2414 1663 2481 suadere‘&
1760 2416 1884 2494 Qui
1913 2425 2102 2497 rogat
2137 2414 2235 2480 vel
2265 2411 2511 2490 suadet,
2562 2410 2615 2475 is
2645 2409 2844 2475 etiam

718 2502 1047 2584 praesagit
1102 2501 1200 2569 vel
1269 2509 1521 2585 sperat,
1593 2468 1767 2572 haud
1828 2504 2073 2572 frustra
2134 2522 2204 2570 se
2264 2503 2617 2586 petiturum
2676 2515 2841 2565 esse.

718 2590 856 2658 Etsi
896 2586 1201 2677 malopem
1252 2599 1319 2656 et
1364 2587 1635 2679 aniona:
1682 2595 1826 2660 aliis
1856 2595 2009 2662 locis
2030 2594 2294 2659 velutin
2318 2590 2548 2658 Trach.
2574 2608 2633 2656 v,
2670 2591 2842 2653 1136

716 2684 1104 2748 commutata
1161 2686 1335 2760 sunt,
1392 2701 1516 2747 non
1579 2685 1898 2791 sequitur,
1957 2675 2410 2769 προμνοέομαι,
2468 2677 2635 2762 quod
2681 2676 2743 2743 h.
2796 2678 2842 2743 1.

715 2770 953 2855 optime
997 2769 1156 2836 ferri
1202 2775 1432 2851 potest,
1491 2773 1554 2835 in
1604 2796 1983 2858 προμαομαι
2030 2790 2170 2839 esse
2215 2769 2614 2837 mutandum.
2704 2766 2841 2833 Ita-

714 2876 836 2943 que
893 2865 958 2926 et
1012 2864 1230 2925 nostro
1293 2859 1429 2927 loeo
1488 2867 1553 2925 et
1616 2880 1674 2926 v.
1729 2865 1898 2928 1086
1954 2863 2322 2943 conjectura
2376 2874 2639 2942 prorsus
2707 2873 2841 2920 non

673 2949 680 2955 ’
715 2955 815 3015 est
858 2966 1035 3032 opus.

891 3037 1132 3104 Versus
1195 3036 1631 3105 1075-1078
1689 3040 1754 3104 in
1810 3042 2026 3145 codice
2084 3042 2279 3107 Laur.
2329 3040 2403 3104 A.
2462 3039 2555 3105 ita
2610 3034 2838 3101 traditi

712 3133 890 3196 sunt:
954 3151 1191 3213 wpom
1196 3129 1354 3192 ἆται
1403 3127 1471 3192 τί
1517 3153 1656 3232 μοι
1690 3128 1700 3217 Ι
1755 3125 1995 3216 γνώμα
2041 3123 2190 3218 τάχ’
2235 3122 2336 3194 ἄν
2370 3119 2608 3193 ὃωσειν
2648 3126 2659 3211 Ι
2699 3119 2838 3190 τοῖν

715 3212 903 3284 demo:
963 3214 1527 3291 τλᾱσιι1,ὃει1α“
1599 3210 1993 3303 δἐυροῦσαν
2059 3221 2070 3305 Ι
2135 3200 2307 3302 πρός
2376 3208 2840 3301 αυθοσιαίμων

715 3305 964 3389 πάθῃ.

886 3396 963 3461 In
1028 3394 1127 3461 his
1188 3394 1457 3461 Bothius
1520 3395 1653 3477 jam
1725 3395 1977 3478 pridem
2045 3388 2519 3481 αυθομαιμων
2580 3393 2841 3482 Syllaba

709 3484 1111 3551 redundante
1171 3484 1237 3549 in
1296 3477 1659 3569 αὕθαιμιη
1729 3486 2044 3567 correxit,
2113 3502 2307 3566 quum
2379 3485 2571 3550 metri
2638 3501 2838 3551 causa

707 3592 898 3641 versu
943 3573 1351 3657 discrepante
1397 3572 1479 3640 ab
1526 3573 1988 3656 antistrophico
2035 3574 2379 3639 τελειῶσαι
2427 3568 2650 3681 λόχον,
2695 3579 2839 3641 tum

705 3667 942 3744 autem,
988 3663 1156 3744 quod
1193 3661 1513 3743 Reisigius
1559 3664 1826 3744 monuit,
1870 3668 2138 3746 propter
2184 3665 2356 3729 vocis
2402 3657 2841 3747 αυθόμαιμος

706 3752 1045 3819 notionem.
1117 3749 1191 3818 Α
1196 3745 1602 3838 υθομαιμος
1627 3753 1796 3819 enim
1822 3752 1935 3818 et
1912 3749 2237 3839 ὅμαιμος,
2275 3752 2444 3835 quod
2469 3750 2839 3819 Brunckius

708 3842 996 3925 conjecit,
1042 3840 1213 3922 quod
1260 3859 1386 3906 non
1430 3845 1647 3923 potest
1692 3842 1814 3908 nisi
1860 3841 1929 3906 in
1974 3840 2332 3910 fraternam
2378 3841 2832 3923 consanguini-

706 3935 904 3998 tatem
950 3929 1186 3997 cadere
1232 3932 1334 4017 (ut
1377 3947 1575 4012 supra
1610 3949 1668 3998 v.
1695 3932 1875 4015 335),
1924 3930 2132 3998 Creon
2179 3950 2304 3998 non
2339 3935 2484 3997 erat
2510 3929 2834 4012 virginum

705 4020 820 4088 sed
867 4015 1209 4104 adeamus
1253 4019 1355 4086 vel
1403 4013 1782 4103 αὐθαίμων.
1873 4020 2144 4103 Reliqua
2188 4039 2353 4103 quae
2400 4020 2644 4087 tradita
2677 4028 2837 4088 sunt

704 4108 923 4189 verba,
963 4109 1098 4191 Jam
1146 4107 1386 4175 dudum
1432 4125 1708 4190 magnae
1755 4110 1923 4177 inter
1966 4110 2137 4176 viros
2166 4111 2383 4177 doctos
2415 4109 2835 4177 dissensionis

851 4304 889 4374 ¹)
925 4304 1007 4360 Cf.
1044 4301 1333 4362 Wecklinii
1373 4320 1463 4359 ars
1503 4303 1677 4375 Soph.
1717 4304 2038 4362 emendandi
2076 4306 2424 4377 wirceburgi
2468 4307 2625 4373 1869,
2663 4322 2718 4379 p.
2740 4306 2833 4365 18.

3111 4902 3139 4998 h*
3099 1267 3145 4781 w
3099 587 3122 1246 *4⁴*—
