3169 5038
344 1554 446 1634 ns
501 1550 720 1654 soph.
779 1550 955 1635 ned.
1011 1550 1158 1634 col.
1210 1549 1534 1633 stasimo
1590 1548 1922 1632 secundo
1977 1548 2452 1632 dissertatio.

512 1846 716 1943 Haud
777 1874 963 1942 facile
1024 1876 1193 1942 inter
1250 1875 1462 1940 omnia
1511 1874 1837 1957 Sophoclis
1883 1873 2132 1940 cantica
2185 1873 2462 1955 benigna

343 1961 522 2030 nobis
570 1967 814 2032 tradita
859 1975 1030 2031 sorte
1078 1964 1277 2030 ullum
1324 1964 1710 2042 inveniatur,
1767 1963 1936 2045 quod
1985 1963 2146 2030 adeo
2193 1981 2461 2045 magnas

341 2052 695 2134 explicandi
742 2061 807 2120 et
865 2055 1024 2120 artis
1073 2054 1331 2121 criticae
1396 2054 1790 2119 exercendae
1835 2051 2149 2135 praebeat
2195 2052 2464 2119 difficul-

342 2148 530 2215 tates.
577 2163 764 2225 quam
802 2143 1032 2225 Oedipi
1081 2143 1448 2210 Colonensis
1492 2143 1796 2209 stasimon
1839 2143 2214 2222 secundum;
2263 2161 2466 2224 neque

340 2233 698 2299 mirandum
761 2234 959 2314 igitur
1017 2238 1144 2311 est,
1218 2235 1417 2313 quod,
1487 2250 1870 2313 quamquam
1932 2232 2279 2297 doctissimi
2330 2232 2464 2314 jam

340 2321 459 2386 viri
514 2323 801 2387 studium
861 2323 927 2388 in
984 2321 1360 2402 explicando
1419 2323 1519 2386 vel
1576 2320 1975 2388 emendando
2043 2320 2161 2386 hoc
2219 2321 2466 2387 cantico

341 2411 824 2486 collocaverunt,
876 2410 1281 2475 nihilominus
1330 2411 1609 2475 nondum
1654 2411 1846 2491 plana
1892 2415 2042 2475 sunt
2072 2410 2304 2491 omnia,
2351 2410 2464 2476 sed

340 2499 569 2567 iterum
614 2502 975 2582 iterumque
1020 2501 1223 2567 critici
1265 2519 1521 2567 manum
1555 2502 1823 2582 exigunt
1856 2506 1922 2565 et
1952 2500 2467 2567 commentatoris

336 2608 461 2656 non
493 2590 1061 2671 grammaticarum
1093 2595 1343 2656 tantum
1378 2609 1598 2657 rerum
1632 2591 1984 2656 aliarumve
2015 2608 2238 2656 verum
2271 2590 2465 2655 etiam

337 2679 420 2744 ad
466 2681 797 2745 metricam
856 2680 1328 2761 pertinentium.
1438 2680 1727 2760 Namque
1783 2680 1839 2744 si
1895 2697 2193 2745 versuum
2252 2681 2464 2761 singu·

337 2770 558 2834 lorum
587 2786 834 2850 quoque
881 2774 1247 2853 spectamus
1293 2771 1846 2852 compositionem,
1905 2786 2063 2850 quas
2108 2769 2283 2836 nullo
2336 2770 2462 2834 alio

337 2860 473 2922 loco
517 2859 689 2938 leges
736 2859 1112 2937 invenimuS,
1163 2858 1536 2939 Sophoclem
1567 2859 1784 2925 hocin
1829 2859 2264 2940 componendo
2315 2877 2465 2925 can·

336 2947 464 3013 tico
510 2945 883 3014 observasse
930 2948 1126 3011 etiam
1173 2946 1383 3013 obiter
1438 2940 1800 3030 inspicienti
1850 2954 2138 3030 apparet.
2232 2948 2461 3029 Itaque

337 3042 679 3117 antequam
728 3037 807 3102 de
854 3036 1067 3102 verbis
1114 3036 1286 3118 ipsiS‚
1333 3055 1496 3117 quae
1544 3037 1791 3101 tradita
1822 3043 1988 3118 sunt,
2046 3037 2465 3120 explanandis

336 3124 437 3190 vel
481 3125 897 3192 emendandis
940 3124 1272 3205 disseram,
1334 3128 1413 3192 de
1460 3126 1740 3192 metricis
1784 3126 1977 3193 rebus
2026 3127 2221 3212 paulo
2265 3146 2419 3194 accu
2438 3165 2461 3178 -

337 3217 537 3281 ratius
581 3216 736 3280 mihi
782 3215 974 3281 liceat
1022 3232 1241 3295 agere.

513 3305 913 3385 Quamquam
961 3304 1301 3385 Sophocles
1351 3304 1863 3384 logaoedicorum
1909 3322 2208 3371 versuum
2254 3323 2456 3387 genus

336 3394 611 3460 maxima
656 3395 724 3459 in
767 3400 953 3474 parte
1000 3394 1199 3459 coluit
1243 3395 1655 3474 canticorum,
1722 3401 2006 3460 attamen
2053 3395 2250 3461 etiam
2294 3400 2456 3460 stro·

336 3483 610 3564 pharum
658 3483 1118 3566 dactylicarum
1163 3483 1629 3564 epitriticarum
1673 3501 1856 3548 usum
1902 3499 2048 3549 eum
2095 3502 2246 3551 non·
2267 3502 2460 3568 repu—

340 3573 615 3639 diavisse
676 3571 979 3638 nonnulla
1033 3571 1264 3638 docent
1318 3572 1648 3654 exempla,
1723 3573 1900 3639 velut
1955 3573 2056 3655 Aj.
2116 3578 2237 3639 172
2302 3592 2463 3655 sqq.,

339 3662 568 3728 Trach.
624 3666 708 3726 94
747 3678 882 3742 sqq.
930 3660 1085 3727 Oed.
1125 3662 1201 3728 R.
1248 3667 1414 3728 1086
1462 3679 1596 3743 sqq.
1646 3661 1773 3740 all,
1818 3663 1884 3727 in
1931 3660 2160 3742 quibus
2208 3664 2380 3744 leges
2426 3683 2465 3730 a

338 3751 621 3817 Pindaro
669 3751 937 3831 aliisque
983 3750 1200 3833 lyricis
1247 3751 1524 3816 traditas
1556 3757 1858 3817 accurate
1905 3770 2042 3817 esse
2088 3751 2465 3818 observatas

340 3840 526 3905 facile
594 3839 887 3923 cognosci
956 3846 1186 3919 potest.
1308 3840 1450 3906 Non
1517 3858 1770 3922 semper
1838 3848 2055 3908 tamen
2125 3842 2465 3924 Sophocles

337 3927 588 4008 legibus
648 3929 774 3995 illis
830 3945 899 3993 se
953 3929 1326 3996 adstrinxit:
1407 3930 1816 3996 inveniuntur
1884 3930 2053 3997 enim
2122 3932 2465 3997 nonnullae

339 4016 642 4100 strophae
704 4017 861 4084 Oed.
919 4018 995 4082 R.
1058 4023 1186 4084 863
1246 4037 1379 4101 sqq.
1450 4025 1576 4086 883
1646 4038 1780 4102 sqq.
1852 4019 2082 4086 Trach.
2136 4025 2262 4087 633
2329 4038 2464 4102 sqq.

345 4111 469 4172 647
519 4124 655 4188 sqq.
704 4111 832 4174 953
879 4124 1037 4189 sqq„
1100 4125 1266 4189 quae
1321 4115 1586 4190 propter
1629 4110 2034 4192 frequentem
2078 4111 2467 4192 paroemiaci

347 4196 721 4279 logaoedici,
734 4195 1171 4298 ’ithyphallicn
1208 4196 1498 4264 brevium
1530 4200 1934 4281 epitritorum
1967 4199 2240 4265 thesium
2272 4200 2464 4265 etiam

343 4285 411 4349 in
462 4284 874 4367 responsione
932 4303 1073 4352 cum
1127 4286 1334 4367 longis
1390 4305 1572 4352 usum
1631 4308 1670 4355 a
1724 4289 2133 4385 stropharum
2195 4289 2466 4376 dactyli-

343 4391 565 4443 carum
612 4374 1080 4458 epitriticarum
1127 4377 1470 4443 severitate
1516 4380 1678 4445 satis
1726 4380 1911 4460 longe
1957 4378 2212 4461 po‘e't'am
2259 4395 2467 4446 reces-

2117 4486 2148 4543 1
