3169 5038
1774 454 1862 532 ³28
1930 538 1937 543 .

760 673 965 783 πάθῃ
1013 675 1373 758 subjectum
1420 685 1537 746 est·
1564 679 1763 746 totius
1808 679 2130 746 enuntiati
2144 728 2160 758 ,
2218 677 2619 745 accusativus
2662 678 2875 743 autem

760 764 948 832 ὃεινα
998 768 1389 833 θΧ”τ·λασὰ’ν
1440 772 1509 835 et
1541 770 1943 834 ’παθουσᾶν
1994 767 2247 851 pendet.
2342 766 2489 833 Jam
2533 771 2759 845 restat,
2805 774 2877 831 ut

756 854 836 920 (10
881 855 1187 939 opusculo
1229 875 1442 941 nuper
1483 858 1657 924 edito
1690 857 1962 940 Glaseri,
2010 859 2118 940 qui
2140 856 2273 924 *hac
2305 855 2386 922 de
2411 874 2484 922 re
2516 855 2719 923 multa
2752 852 2875 921 dis-

756 949 961 1014 seruit
1005 948 1533 1031 conjecturasque
1576 948 1928 1031 proposuit,
1973 948 2167 1030 paulu
2200 947 2565 1014 accuratius
2604 963 2794 1027 agam
2806 947 2875 1029 ¹)

937 1036 1230 1103 Offensus
1275 1039 1552 1121 primum
1600 1038 1667 1104 in
1714 1055 1790 1103 ea
1835 1056 2025 1119 quam
2057 1036 2425 1120 ElmsleJus
2447 1034 2642 1103 verbo
2689 1034 2869 1100 §vde

761 1119 957 1191 δόναι
1007 1127 1069 1194 11.
1118 1127 1161 1192 l.
1209 1128 1407 1193 tribui
1451 1127 1684 1203 voluit,
1744 1124 2212 1208 significatione
2260 1124 2653 1206 „remissura
2697 1131 2876 1191 esse“

757 1220 934 1282 recte
979 1215 1307 1299 profectus
1351 1222 1455 1283 est
1507 1217 1610 1283 vir
1657 1176 1880 1283 doctus
1928 1237 1967 1282 a
2013 1215 2274 1299 propria
2332 1216 2594 1299 notione
2642 1212 2881 1295 „dandi

759 1304 832 1369 10
872 1311 1173 1372 manum“
1221 1310 1290 1372 et
1335 1314 1640 1375 accurata
1681 1306 2095 1410 inquisitione
2141 1302 2587 1387 exemplorum
2621 1305 2688 1369 in
2736 1303 2877 1371 Ste-

759 1394 954 1476 phani
1012 1396 1315 1469 thesauro
1332 1398 1390 1481 ²)
1460 1395 1890 1479 copiosissime
1947 1401 2395 1478 congestorum
2453 1392 2880 1461 demonstrari

760 1485 1109 1563 contendit,
1138 1485 1537 1589 Euripidem,
1565 1485 2078 1569 Aristophanem,
2102 1483 2560 1568 Thucydidem,
2587 1503 2627 1549 a
2650 1483 2882 1566 quibus

759 1572 913 1638 solis
970 1574 1144 1641 inter
1202 1576 1548 1678 scriptores
1604 1576 1884 1658 optimae
1939 1575 2173 1643 aetatis
2218 1572 2485 1640 verbum
2535 1567 2878 1639 ένδιδόάκαι

762 1672 1170 1745 usurpatum
1202 1665 1318 1744 sit,
1381 1665 1878 1747 quotiescunque
1933 1665 2000 1732 id
2055 1663 2323 1732 verbum
2377 1681 2503 1728 non
2548 1678 2691 1728 00111
2735 1679 2882 1745 pro-

760 1751 903 1853 pria
959 1753 1156 1820 dandi
1215 1754 1282 1821 10
1340 1774 1600 1822 manum
1656 1757 1912 1822 notione
1959 1753 2370 1832 adhiberent,
2430 1753 2748 1819 translate
2805 1769 2883 1817 eo

759 1841 854 1906 uti
902 1858 1045 1907 cum
1085 1842 1548 1924 significatione
1579 1845 1684 1910 vel
1714 1842 2089 1927 indulgendi
2120 1842 2221 1910 vel
2252 1802 2520 1910 cedendi
2552 1841 2654 1908 vel
2684 1841 2882 1906 etiam

760 1931 1087 1998 remissius
1132 1935 1388 2038 agendi.
1459 1933 1604 2016 Ipse
1644 1936 1744 2000 vir
1783 1935 2006 2001 doctus
2037 1941 2253 2001 autem
2284 1932 2383 1998 his
2421 1930 2629 1997 verbis
2657 1946 2884 2001 005010

759 2020 1057 2103 praebet,
1115 2041 1242 2105 qua
1297 2023 1495 2106 ipsius
1557 2024 1877 2091 sententia
1922 2023 2259 2091 refutetur.
2352 2020 2520 2087 Nam
2565 2037 2691 2086 non
2710 2010 2883 2122 'pro-

761 2108 919 2176 bans
967 2129 1139 2193 eam,
1199 2132 1389 2195 quam
1434 2112 1775 2196 ElmsleJus
1823 2113 2124 2196 usurpari
2169 2111 2372 2178 voluit
2419 2104 2742 2177 notionem
2786 2109 2882 2174 in-

762 2201 1167 2268 transitivam
1226 2204 1602 2270 remittendi
1661 2203 1778 2270 hoc
1834 2211 2051 2271 tamen
2113 2201 2630 2269 animadvertere
2691 2197 2883 2266 dehe-

763 2288 894 2369 bat,
942 2308 1069 2356 non
1114 2290 1467 2360 abhorrere
1500 2291 1766 2360 verbum
1804 2285 2121 2360 ἐνδώσειν
2152 2289 2236 2357 00
2272 2292 2390 2359 hoc
2430 2289 2588 2369 loco,
2634 2289 2887 2355 etiamsi

766 2380 1107 2448 transitiva
1151 2383 1479 2449 remissius
1538 2383 1775 2465 agendi
1830 2382 2295 2466 significatione
2352 2386 2733 2462 usurpatum
2779 2379 2888 2458 sit,

767 2468 1107 2538 dummodo
1154 2470 1624 2542 substantivum
1674 2467 1877 2558 πάθη
1923 2489 2040 2557 pro
2086 2487 2361 2555 persona
2404 2486 2523 2538 usu
2567 2467 2745 2534 haud
2789 2467 2884 2533 in-

766 2558 956 2625 solito
1010 2561 1304 2630 adhiberi
1356 2572 1675 2646 putemus
1786 2563 2026 2642 Quodsi
2084 2581 2307 2628 verum
2365 2568 2491 2640 est,
2553 2556 2887 2641 propriam

770 2648 966 2716 dandi
1013 2652 1337 2718 notionem
1382 2672 1462 2719 ne
1511 2662 1647 2719 tum
1693 2653 1951 2736 quidem
1997 2669 2262 2735 prorsus
2289 2650 2646 2729 evanuisse,
2690 2663 2885 2730 quum

767 2737 883 2805 1100
914 2740 1196 2828 verbum
1244 2743 1559 2809 translate
1606 2742 1687 2809 ab
1732 2741 1863 2808 illis
1906 2740 2326 2825 scriptoribus
2373 2757 2516 2806 cum
2563 2735 2885 2818 significa-

767 2813 941 2895 tione
993 2829 1267 2897 cedendi
1329 2832 1431 2898 vel
1490 2832 1817 2899 remissius
1874 2831 2123 2913 agendi
2172 2833 2550 2912 usurpetur,
2619 2844 2747 2908 qua
2805 2823 2889 2892 de

767 2933 964 2985 causa
1019 2916 1288 3001 subjecti
1350 2941 1491 2988 cum
1549 2940 1624 2988 eo
1686 2921 2007 3004 conjuncti
2066 2920 2276 2992 locum
2323 2917 2556 2999 ubique
2600 2915 2888 2982 homines

766 3007 1057 3075 obtinere
1102 3010 1470 3092 videantur,
1526 3013 1828 3079 nimirum
1888 3009 2117 3093 quibus
2170 3010 2320 3075 solis
2369 3005 2565 3073 dandi
2610 3004 2888 3072 facultas

767 3104 944 3165 recte
992 3099 1296 3181 imputari
1341 3102 1562 3184 possit,
1612 3109 1678 3167 et
1720 3101 1881 3167 haec
1928 3097 2304 3180 significatio
2348 3099 2414 3163 in
2462 3096 2630 3162 hunc
2676 3095 2883 3180 locum

766 3189 1064 3269 quadrat,
1114 3208 1260 3256 nam
1292 3192 1530 3286 optime
1561 3192 1729 3257 verti
1765 3193 1979 3272 potest
2026 3188 2394 3272 „praesagit
2425 3186 2579 3252 mihi
2616 3185 2885 3252 animus

767 3278 974 3344 mala
1007 3277 1328 3362 virginum
1371 3332 1386 3347 .
1422 3332 1435 3345 .
1474 3287 1494 3346 .“
1523 3334 1538 3347 .
1612 3281 1818 3345 minus
1885 3279 2249 3347 exercitura
2308 3278 2422 3364 (sc.
2485 3275 2625 3359 eas)
2683 3280 2883 3341 esse.“

770 3365 898 3435 Sed
959 3386 1218 3435 causam
1280 3389 1404 3438 000
1466 3370 1786 3452 intelligo,
1856 3386 1983 3437 cur
2037 3360 2439 3449 grammatici
2497 3363 2884 3430 Bekkeriani

767 3458 1242 3524 annotationem
1288 3477 1486 3542 supra
1529 3463 2089 3527 commemoratam
2133 3463 2250 3542 pro
2283 3451 2479 3523 nihilo
2511 3453 2878 3542 habeamus.

768 3545 1045 3620 Fallitur
1101 3549 1208 3615 vir
1264 3547 1487 3644 doctus
1556 3551 1750 3617 etiam
1809 3549 1875 3615 in
1929 3567 2005 3615 00
2064 3548 2233 3629 quod
2286 3537 2640 3631 pronomen
2685 3549 2751 3608 τὶ
2799 3542 2881 3608 ad

768 3630 1026 3723 γνώμα
1072 3631 1469 3724 προμνᾶται
1544 3640 1866 3722 adjectum
1934 3637 2107 3704 haud
2177 3637 2368 3703 aliter
2438 3631 2880 3716 explicandum

769 3729 1003 3807 censet,
1056 3727 1177 3793 0151
1224 3734 1295 3794 ut
1339 3745 1458 3811 pro
1504 3730 1867 3797 accusativo
1914 3732 2264 3809 respectus,
2312 3724 2420 3809 qui
2469 3722 2721 3802 dicitur,
2770 3722 2881 3787 110-

767 3814 1036 3882 beatur?
1112 3816 1375 3886 Minime
1419 3837 1571 3888 vero
1619 3820 1683 3885 τὶ
1734 3818 2136 3887 accusativus
2195 3820 2293 3883 est
2348 3816 2709 3896 respectus,
2769 3810 2881 3876 sed

769 3903 1022 3987 objecti,
1084 3905 1265 3989 cuius
1323 3908 1407 3974 ad
1464 3928 1541 3974 ex
1589 3909 1951 3976 licationem
2015 3905 2416 3973 accusativus
2472 3919 2615 3968 cum
2676 3899 2881 3966 infini-

769 3995 899 4062 tivo
945 4013 1216 4077 sequens
1260 3989 1410 4084 ‘cdx'
1458 4003 1530 4064 ἐν
1610 3993 1773 4065 ’σειν
1821 3994 2024 4081 πάθη
2068 3995 2361 4079 adJectus
2405 3997 2520 4058 est.
2613 3989 2881 4057 Prorsus

914 4227 2291 4318 ι)(30ίὶ1111001.(1111101101.803111.1101·1;10111.11ι·ἰο1·.
2334 4226 2387 4282 in
2413 4237 2593 4372 progr
2632 4240 2877 4310 gymnar

771 4304 1299 4448 wetegmcuffzoGp
1306 4305 1392 4426 e}
1402 4304 1512 4430 ”LE
1529 4371 1772 4429 Dindorf.
1813 4373 1910 4428 111
1952 4390 2004 4443 p.
2052 4361 2419 4431 low-lon&
