3169 5038
1378 416 1451 477 11

372 626 774 692 tellexerunt.
867 626 1295 691 Referendum
1343 624 1511 689 eni'm
1559 642 1660 692 ess
1710 617 1801 689 ὧν
1847 626 1930 692 ad
1980 633 2348 691 θνατοῖσιν
2378 627 2476 690 vir

363 717 586 781 doctus
643 715 889 793 docuit,
951 716 1119 795 quod
1178 733 1301 779 non
1348 714 1743 795 Eumolpidis
1789 715 1969 799 soliS,
2026 714 2138 780 sed
2184 713 2475 779 omnibus

362 805 633 870 initiatis
689 804 1010 869 silentium
1058 810 1201 871 erat
1256 804 1651 909 impositum3
1710 805 1925 885 itaque
1982 804 2475 870 construendum

363 894 827 959 demonstravit
895 896 988 957 «ὃν
1044 899 1152 959 καὶ
1211 897 1324 957 ἐπὶ
1378 885 1639 978 γὶωσσᾳ
1696 894 1949 979 βέβακε
2012 915 2253 980 χρυσεα
2317 886 2475 979 κλῄς

364 978 769 1067 τροςπόλων
816 974 1264 1063 Εὖμολπιδᾶν
1311 982 1349 1047 i.
1400 1001 1453 1046 e.
1504 981 1827 1061 mortaleS,
1873 960 2104 1062 quibus
2149 981 2473 1046 antistites

364 1071 778 1152 Eumolpidae
805 1071 1304 1136 ῖιοίῐιιτιιίῑιιῐθιῐι
1347 1071 1696 1151 imponunt.
1764 1071 2091 1137 Particula
2123 1095 2200 1132 κε.
2184 1071 2226 1134 l
2261 1077 2474 1135 autem
2534 1067 2539 1073 '

369 1161 425 1226 h.
476 1160 516 1224 1.
565 1160 788 1225 addita
834 1161 1131 1239 ostendit,
1181 1179 1257 1223 ea
1304 1179 1464 1242 quae
1510 1167 1864 1241 sequuntur
1918 1178 2044 1225 non
2091 1158 2476 1224 definitionis

362 1250 518 1328 loco,
565 1249 676 1314 sed
723 1267 840 1330 pro
886 1249 1353 1329 additamento,
1413 1250 1581 1329 quod
1640 1247 2065 1329 amplificandi
2120 1267 2315 1315 causa
2360 1249 2474 1313 ad-

355 1340 599 1418 jectum
663 1339 767 1418 sit,
835 1355 972 1401 esse
1041 1336 1352 1403 habenda.
1471 1337 1712 1403 Contra
1784 1336 2242 1414 dubitaverim,
2322 1356 2473 1402 num

363 1425 703 1530 Sophocles
763 1426 1141 1491 locutionem
1210 1426 1532 1507 proverbii
1590 1427 1725 1492 loco
1790 1425 2079 1491 habitam
2133 1429 2303 1512 βοῦς
2360 1427 2472 1490 ἐπὶ

368 1511 728 1601 flumem-1)
776 1517 841 1579 in
887 1522 1100 1581 mente
1146 1515 1461 1581 habuerit.
1572 1515 1755 1594 Quod
1802 1515 2209 1595 proverbium
2254 1517 2321 1580 in
2368 1533 2474 1580 eos

365 1603 598 1669 cadere
643 1609 911 1684 constat,
958 1606 1065 1686 qui
1110 1606 1392 1685 praemio
1440 1605 1479 1669 i.
1529 1625 1582 1669 e.
1632 1622 1905 1680 nummo,
1953 1606 2020 1670 in
2065 1622 2250 1685 quem
2296 1604 2475 1669 bovis

360 1693 603 1773 effigies
651 1696 957 1777 impressa
1004 1701 1164 1775 erat,
1211 1695 1339 1759 sint
1384 1692 1467 1759 ad
1512 1694 1911 1759 reticendum
1965 1694 2278 1775 perducti.
2377 1693 2471 1759 Si-

362 1782 509 1848 mile
534 1802 686 1847 usus
710 1783 771 1848 h.
798 1784 834 1846 l.
863 1784 928 1847 iu
950 1784 1202 1869 βέβακε
1230 1783 1520 1864 usurpati
1551 1782 1905 1863 exemplum
1941 1782 2006 1847 in
2035 1774 2341 1870 πέφευγα
2377 1783 2470 1847 in-

360 1871 630 1937 venitur.
700 1872 795 1937 Cf.
835 1878 872 1937 8
910 1892 967 1936 v.
998 1878 1097 1938 52.
1129 1878 1275 1937 313.
1307 1878 1451 1939 613.
1485 1877 1672 1939 1359.
1706 1876 1874 1937 1684
1906 1871 2004 1939 El.
2034 1876 2158 1937 979
2191 1869 2334 1937 Ant.
2365 1877 2466 1936 67.

533 1962 629 2025 De
675 1962 1074 2041 Eumolpidis
1119 1962 1198 2028 cf.
1247 1961 1630 2026 scholiastae
1677 1961 2151 2026 annotationem
2200 1967 2265 2025 et
2308 1978 2473 2042 quae

363 2050 644 2133 Heynius
689 2053 847 2116 satis
892 2057 1190 2116 accurate
1215 2052 1506 2131 exposuit
1551 2050 1634 2116 ad
1660 2049 2025 2131 Apollodor.
2119 2049 2240 2129 III,
2280 2055 2377 2129 15,
2409 2055 2468 2114 4.

535 2139 932 2205 Tractandus
989 2148 1085 2205 est
1141 2140 1313 2204 locus
1371 2138 1780 2204 difficillimus
1826 2144 2017 2219 atque
2065 2158 2105 2203 a
2151 2139 2305 2204 viris
2350 2140 2473 2204 cri-

360 2229 499 2293 ticis
546 2229 964 2295 multifariam
1012 2234 1309 2305 vexatus3
1359 2229 1499 2294 dico
1543 2248 1639 2293 vv,
1681 2229 1850 2294 1054
1881 2245 2012 2309 sqq.
2046 2228 2136 2293 sic
2166 2228 2470 2293 traditos:

361 2344 525 2416 ν-’θ’
577 2351 750 2435 οἶμαι
817 2374 944 2416 τον
1007 2345 1388 2438 ἕγρειιοξχαν
1445 2350 1675 2435 Θησέα
1739 2352 1845 2415 και
1904 2375 2026 2424 τοις
2080 2351 2144 2415 dc
2151 2337 2472 2422 “eunom

359 2469 672 2582 οἶδ’,ιιήτας
742 2462 980 2557 adem*
984 2499 1063 2547 ας
1138 2467 1452 2556 αὐτάρκει
1526 2467 1683 2561 τάχ’
1746 2478 2053 2580 ἐμμίξειν
2111 2474 2266 2561 βοᾷ.
2369 2471 2472 2539 Ad

359 2557 741 2670 ἐγρεμοιχαν
788 2585 827 2632 a
872 2564 1214 2631 scholiasta
1245 2565 1616 2629 adnotatum
1651 2570 1777 2630 est.
1825 2556 2216 2651 γρ(οἷφεται)
2262 2556 2471 2648 ὄρειο-

356 2649 607 2730 &ohan
653 2659 858 2720 οἱονεὶ
904 2677 1030 2719 τοι
1065 2647 1175 2718 δια
1223 2655 1360 2717 τῶν
1407 2647 1583 2737 ὀρῶν
1613 2653 1951 2738 βαίνοντα
1998 2655 2136 2717 τῶν
2165 2675 2471 2738 προειρη-

350 2742 571 2825 μένων
619 2742 892 2845 χωρίων.
987 2743 1216 2807 Exstat
1261 2742 1461 2821 igitur
1506 2743 1689 2808 varia
1742 2742 2062 2822 scriptura
2122 2740 2469 2815 secundum

360 2830 770 2896 scholiastam
818 2824 1252 2932 ρ’ρειοβοίταν.
1300 2849 1492 2911 quam
1540 2830 1616 2896 G.
1670 2828 2038 2895 Dindorfius
2086 2830 2467 2895 scholiastae

356 2919 545 2983 alteri
594 2921 636 2984 S
684 2918 766 2984 ab
815 2921 950 3000 ipso
999 2920 1319 2984 nominato
1366 2919 1597 2984 tribuit
1644 2921 1817 2984 nulla
1863 2919 2093 2985 idonea
2140 2937 2350 2996 causa,
2396 2925 2472 2982 ut

356 3008 508 3073 mihi
554 3009 828 3086 videtur,
878 3026 1070 3088 quum
1116 3010 1284 3073 inter
1330 3010 1568 3073 scholia
1615 3010 1868 3088 legatur
1914 3013 1981 3072 et
2023 3026 2167 3072 cum
2212 3005 2468 3085 scholio,

362 3098 463 3161 cui
509 3098 907 3199 praescripta
954 3102 1070 3177 est,
1119 3097 1472 3162 arctissime
1519 3097 1882 3163 cohaereat.

533 3186 678 3252 Jam
722 3188 998 3268 primum
1057 3206 1181 3251 non
1239 3186 1644 3267 intelligitur,
1703 3192 2009 3268 quomodo
2058 3178 2469 3289 ὀρειοβοὲταν

360 3273 462 3341 vel
491 3269 883 3362 ὀρειβάταν,
931 3276 1143 3358 quod
1127 3295 1192 3340 ιιι
1217 3276 1357 3340 aliis
1390 3276 1709 3340 invenitur
1742 3275 1941 3354 libris,
1976 3292 2052 3341 ex
2086 3266 2471 3360 ἐγρεμάχαν

357 3368 567 3428 ortum
613 3366 716 3442 sit,
764 3382 911 3427 nam
957 3365 1124 3444 quod
1171 3364 1488 3455 Reisigius
1549 3365 1791 3443 docuit,
1847 3364 1925 3430 ob
1985 3362 2470 3429 similitudinem

358 3472 665 3518 summam
712 3452 1075 3518 litterarum
1122 3448 1658 3534 permutationem
1703 3453 2046 3519 verborum
2102 3450 2469 3517 facillimam

360 3542 465 3606 h.l
510 3542 880 3607 sumendam
928 3561 1084 3621 esse,
1130 3543 1365 3623 optime
1388 3542 1795 3607 Hermannus
1840 3542 2163 3608 refutavit.
2256 3540 2469 3619 Quare

357 3631 596 3697 factum
642 3637 774 3708 est,
841 3639 914 3696 ut
981 3632 1165 3696 modo
1224 3630 1385 3696 hanc
1448 3632 1633 3696 modo
1678 3632 1856 3697 illam
1906 3632 2239 3698 lectionem
2283 3646 2469 3710 prae-

360 3720 623 3784 tulerint
667 3719 950 3786 homines
1000 3721 1198 3799 docti;
1245 3726 1584 3800 unumque
1632 3721 1806 3785 nullo
1854 3726 2041 3801 pacto
2090 3721 2212 3785 dici
2259 3723 2472 3799 potest

359 3826 549 3888 quum
574 3813 839 3892 propter
867 3810 1397 3888 molestissimam,
1429 3817 1500 3874 ut
1530 3810 1684 3874 mihi
1717 3810 1992 3899 videtur,
2041 3809 2469 3891 epithetorum

361 3897 443 3961 ad
500 3898 750 3982 Θνσέα,
798 3898 1112 4001 siquidem
1158 3901 1239 3963 ad
1291 3900 1454 3964 hunc
1499 3898 1872 3965 referenda
1888 3905 2055 3976 sunt,
2112 3897 2468 3963 accumula-

360 3986 613 4067 tionem,
661 3992 795 4052 tum
841 3990 990 4070 quia
1035 3989 1226 4070 plane
1259 4009 1298 4055 a
1327 3994 1529 4055 metro
1565 3987 1935 4055 abhorrent.
2015 3989 2242 4068 Itaque
2269 3986 2467 4051 inter-

358 4077 714 4156 rogandum
760 4085 876 4158 est,
924 4084 1135 4144 utrum
1169 4078 1444 4145 alterum
1479 4078 1818 4146 delendum
1845 4079 1948 4160 sit,
1995 4097 2078 4146 an
2108 4082 2467 4157 utrumque.

501 4292 547 4358 1)
587 4289 672 4348 Of.
709 4289 916 4347 Aesch.
953 4291 1153 4362 Agam.
1190 4291 1277 4351 36.
