3169 5038
1791 453 1829 537 ἓ

740 668 899 750 sisse
922 667 1180 767 'optime
1227 685 1671 754 demonstrant
1694 690 1757 771 ¹).
1846 687 2056 755 Aliter
2116 703 2220 750 res
2283 685 2517 752 nostris
2577 685 2643 750 in
2689 690 2852 752 stro-

740 774 881 856 phis
937 793 1007 839 se
1061 772 1276 841 habet.
1391 776 1546 841 Post
1599 784 1734 845 tres
1789 778 2196 859 prosodiacos
2254 774 2682 856 logaoedicos,
2747 776 2854 856 qui

740 864 989 929 initium
1046 863 1316 944 faciunt,
1378 874 1732 946 sequuntur
1787 868 2032 949 epitriti
2089 871 2157 931 et
2211 865 2309 931 bis
2372 865 2656 930 Adonius
2713 882 2853 930 cum

737 953 1033 1020 anacrusi
1077 972 1134 1018 v.
1176 913 1503 1040 104’8‘(=
1542 958 1740 1059 1063)
1788 955 1834 1062 ἦ
1879 948 2241 1042 λαμπάσιν
2275 948 2534 1030 οἷκταῖς,
2577 973 2635 1021 v.
2688 959 2853 1019 1056

738 1041 849 1127 (=-
904 1043 1102 1125 1071)
1151 1037 1469 1129 οἷδμῆτας
1515 1038 1870 1130 οἷδελφεας,
1918 1047 1986 1111 111
2029 1043 2257 1126 quibus
2303 1061 2683 1124 quamquam
2729 1061 2854 1108 non

736 1137 1070 1213 tantopere
1102 1130 1548 1198 offendendum
1583 1141 1699 1216 est,
1745 1140 2033 1201 attamen
2062 1134 2284 1199 mirari
2318 1131 2640 1214 debemus,
2686 1132 2853 1214 quod

735 1238 958 1286 versus
1013 1226 1181 1288 1050
1228 1224 1336 1307 (=
1396 1227 1588 1302 1065)

1002 1334 1110 1449 (οὗ
1150 1337 1469 1450 wo'vmat)
1518 1343 1764 1453 σεμνοὶ
1783 1349 2243 1432 τιθηνοῦνται
2293 1345 2450 1431 τέλη
2496 1349 2563 1412 et

1002 1427 1405 1519 (οἵλώσεταν)
1455 1430 1679 1509 δεινός
1726 1430 1764 1500 o‘
1813 1434 2217 1526 προςχώρων
2251 1431 2471 1521 Ἀρης

1554 1566 1588 1596 α

736 1580 887 1658 (ε
846 1616 918 1635 -η-
950 1616 996 1634 ψ
1026 1576 1229 1660 ι--)
1187 1615 1868 1635 --------
1960 1579 2415 1661 glyconeorum
2504 1579 2852 1659 primorum

734 1667 906 1732 haud
953 1684 1182 1748 parum
1228 1632 1464 1731 similes
1510 1686 1590 1733 ea
1635 1673 1851 1733 tamen
1896 1686 1969 1734 re
2016 1667 2096 1733 ab
2145 1668 2270 1732 illis
2316 1665 2638 1748 differunt,
2683 1670 2848 1749 quod

734 1774 808 1822 eo
865 1756 1001 1822 loco
1059 1756 1314 1834 longam
1371 1755 1641 1837 ideoque
1700 1758 2135 1823 irrationalem
2202 1756 2442 1822 habent
2511 1719 2843 1839 syllabam,

732 1863 856 1925 quo
903 1847 970 1910 in
1016 1844 1187 1909 nullo
1236 1844 1362 1908 alio
1407 1846 1579 1926 apud
1633 1846 2003 1929 Sophoclem
2052 1865 2243 1912 versu
2290 1864 2432 1911 eam
2477 1847 2847 1913 invenimus,

733 1935 989 1999 Diserte
1036 1933 1358 2013 Bergerus
1374 1933 1429 2017 ²)
1478 1935 1686 2015 legem
1731 1935 2054 2018 glyconeis
2100 1937 2305 2000 inesse
2353 1936 2660 2017 exemplis
2704 1953 2850 2017 pro-

732 2021 929 2103 bavit,
965 2030 1035 2088 ut
1066 2022 1459 2088 irrationalis
1492 2027 1691 2090 thesis
1722 2043 1972 2106 semper
2004 2030 2153 2091 ante
2177 2025 2468 2090 ultimam
2490 2024 2852 2090 inveniatur

733 2113 925 2178 arsin.
1019 2111 1440 2177 Nihilominus
1471 2131 1628 2193 quos
1658 2115 1900 2195 protuli
1932 2133 2153 2180 versus
2186 2132 2263 2178 ex
2298 2113 2624 2196 Sophoclis
2655 2132 2848 2179 manu

730 2201 1001 2284 profecti
1049 2218 1185 2266 esse
1233 2201 1532 2268 censendi
1576 2209 1746 2284 sunt,
1794 2222 1986 2284 quum
2019 2223 2075 2269 v.
2114 2209 2278 2268 1055
2324 2203 2549 2287 Θησέα
2583 2209 2691 2268 καὶ
2722 2199 2851 2276 τοὶς

1535 2314 1568 2344 α

729 2319 1082 2398 ὃιστόλονς
1129 2308 1199 2410 (
1154 2363 1868 2384 --------
1881 2329 1942 2411 ),
2010 2328 2262 2393 etiamsi
2329 2334 2667 2409 corruptus
2734 2347 2848 2410 pu·

727 2421 931 2494 tetur,
1011 2416 1246 2527 optime
1304 2416 1696 2519 respondens
1763 2418 2222 2499 antistrophico
2296 2421 2464 2482 1070
2532 2412 2846 2503 ἅμβασις,

729 2510 795 2570 οὶ
837 2499 969 2569 τῶν
1014 2508 1169 2570 ἱππ
1156 2507 1289 2571 ίαν.
1355 2507 1464 2587 qui
1521 2507 1658 2573 sine
1717 2506 1909 2572 dubio
1971 2513 2070 2573 est
2130 2525 2353 2587 sanus,
2415 2504 2685 2572 eandem
2740 2525 2838 2572 ex-

727 2592 947 2659 hibeat
1009 2593 1299 2666 formam
1416 2596 1688 2662 Accedit
1749 2603 1962 2661 autem
2024 2596 2152 2661 alia
2207 2615 2343 2676 reS‚
2413 2614 2575 2677 quae
2646 2596 2845 2661 lucem

727 2685 923 2749 totius
983 2685 1215 2749 cantici
1267 2690 1538 2752 naturae
1598 2684 1804 2751 affert.
1909 2686 2006 2751 Ex
2062 2686 2353 2751 versibus
2417 2691 2603 2751 1047.
2658 2682 2845 2752 1052.

737 2777 922 2852 1053,
983 2790 1140 2853 quos
1196 2774 1489 2854 epitritos
1546 2792 1686 2840 esse
1749 2780 2028 2855 constat,
2105 2793 2302 2856 quum
2355 2775 2648 2856 epitritos
2709 2774 2843 2840 fere

727 2880 978 2944 semper
1035 2879 1179 2927 cum
1249 2862 1529 2950 dactylis
1600 2864 1966 2946 conjunctos
2027 2881 2166 2930 esse
2226 2864 2535 2944 sciamuS,
2602 2881 2845 2928 summo

718 2953 866 3033 jnre
913 2950 1292 3017 concludere
1333 2958 1691 3034 possumus,
1740 2973 1861 3018 non
1894 2954 2030 3019 sine
2062 2971 2257 3019 causa
2291 2953 2594 3018 dimetros
2623 2952 2844 3038 dacty-

727 3042 878 3106 licos
922 3039 1085 3120 illos,
1132 3057 1290 3121 quos
1336 3044 1402 3105 in
1448 3042 1740 3107 versibus
1794 3047 1981 3110 1048.
2040 3047 2225 3108 1056.
2276 3048 2443 3109 1058
2492 3042 2842 3106 invenimus

726 3148 865 3195 esse
896 3128 1173 3197 additos,
1261 3129 1424 3196 Sunt
1452 3137 1668 3197 autem
1706 3132 1962 3197 dimetri
1995 3131 2295 3215 dactylici
2324 3148 2586 3213 prorsus
2622 3130 2843 3196 eodem

725 3220 910 3285 modo
957 3219 1235 3298 formati,
1282 3237 1405 3300 quo
1453 3221 1747 3286 trimeter
1788 3220 1943 3287 alibi
1988 3222 2360 3303 plerumque
2396 3238 2536 3288 cum
2565 3219 2842 3302 epitritis

727 3309 1146 3388 consociatae,
1206 3309 1383 3389 quus
1441 3310 1506 3378 in
1549 3311 1766 3392 priore
1811 3311 1974 3392 pede
2020 3310 2311 3393 dactylus
2355 3328 2605 3392 semper
2644 3327 2845 3391 purus

726 3404 1041 3477 servatur,
1088 3397 1155 3462 in
1201 3397 1405 3464 altero
1453 3417 1706 3481 semper
1752 3400 1818 3465 in
1851 3401 2202 3482 spondeum
2238 3405 2601 3466 contractus
2647 3405 2747 3465 est
2771 3399 2841 3481 ³).

726 3488 866 3565 Qua
933 3486 1013 3552 de
1081 3503 1276 3552 causa
1345 3506 1590 3556 summo
1640 3490 1787 3571 J’ure
1842 3489 2165 3570 Bergerus
2227 3489 2624 3555 contendisse
2689 3487 2838 3552 mihi

723 3577 1008 3656 videtur,
1051 3582 1372 3644 ¹nostrum
1441 3596 1700 3643 carmen
1779 3578 1986 3660 ipsum
2053 3595 2303 3660 quoque
2369 3578 2436 3642 in
2505 3595 2842 3646 numerum

723 3665 1188 3753 dactylicorum
1250 3667 1713 3747 epitriticorum
1777 3686 1913 3733 esse
1970 3667 2424 3749 recipiendum.
2541 3667 2723 3745 Quod
2772 3666 2839 3731 -si

723 3755 1106 3834 tenebimuS‚
1167 3756 1405 3835 optime
1472 3762 1678 3821 totum
1734 3758 2080 3838 canticum,
2137 3757 2308 3837 quod
2365 3757 2450 3821 ad
2508 3756 2840 3826 metricam

721 3851 1021 3910 naturam
1068 3844 1319 3914 attinet,
1366 3847 1844 3927 perspiciemus.
1941 3846 2208 3912 Constat
2239 3851 2452 3911 autem
2483 3862 2561 3910 ex
2591 3844 2839 3911 duabus

718 3935 998 4016 strophis
1045 3952 1187 4000 cum
1247 3933 1685 4017 antistrophis‚
1748 3954 1911 4017 quae
1967 3952 2351 4017 quamquam
2397 3954 2438 4001 a
2481 3934 2839 4004 Pindaricis

859 4146 900 4215 ¹)
938 4146 1024 4202 Of.
1063 4145 1270 4215 Berger
1304 4145 1372 4199 de
1401 4146 1570 4217 soph.
1612 4149 1857 4204 versibus
1894 4148 2150 4221 logaoed.
2190 4156 2244 4203 et
2281 4149 2468 4220 epitxit
2521 4148 2837 4204 dissertatio

717 4218 939 4274 Bonnae
976 4219 1132 4276 1864.
1169 4233 1222 4287 p.
1263 4217 1335 4271 50
1367 4234 1489 4287 sqq.

855 4290 904 4431 ⁸3
942 4289 1363 4428 lefliosszach.
1403 4364 1458 4415 et
1490 4358 1799 4432 Westphal.
1837 4360 2034 4416 metric
2076 4360 2163 4418 111.
2204 4381 2255 4436 p
2295 4364 2417 4427 384.
